%YAML 1.1
%TAG !u! tag:unity3d.com,2011:
--- !u!1 &675256991763718308
GameObject:
  m_ObjectHideFlags: 0
  m_CorrespondingSourceObject: {fileID: 0}
  m_PrefabInstance: {fileID: 0}
  m_PrefabAsset: {fileID: 0}
  serializedVersion: 6
  m_Component:
  - component: {fileID: 8739395267207072609}
  - component: {fileID: 5462471368488937689}
  - component: {fileID: 1728996474338402364}
  m_Layer: 0
  m_Name: Rail Text
  m_TagString: Untagged
  m_Icon: {fileID: 0}
  m_NavMeshLayer: 0
  m_StaticEditorFlags: 0
  m_IsActive: 1
--- !u!4 &8739395267207072609
Transform:
  m_ObjectHideFlags: 0
  m_CorrespondingSourceObject: {fileID: 0}
  m_PrefabInstance: {fileID: 0}
  m_PrefabAsset: {fileID: 0}
  m_GameObject: {fileID: 675256991763718308}
  m_LocalRotation: {x: -0, y: -0.6087605, z: -0, w: 0.79335415}
  m_LocalPosition: {x: 505.5625, y: 152.92188, z: 447.1875}
  m_LocalScale: {x: 1, y: 1, z: 1}
  m_Children: []
  m_Father: {fileID: 2108536346589498349}
  m_RootOrder: 2
  m_LocalEulerAnglesHint: {x: 0, y: -75, z: 0}
--- !u!23 &5462471368488937689
MeshRenderer:
  m_ObjectHideFlags: 0
  m_CorrespondingSourceObject: {fileID: 0}
  m_PrefabInstance: {fileID: 0}
  m_PrefabAsset: {fileID: 0}
  m_GameObject: {fileID: 675256991763718308}
  m_Enabled: 1
  m_CastShadows: 1
  m_ReceiveShadows: 1
  m_DynamicOccludee: 1
  m_MotionVectors: 1
  m_LightProbeUsage: 1
  m_ReflectionProbeUsage: 1
  m_RenderingLayerMask: 1
  m_RendererPriority: 0
  m_Materials:
  - {fileID: 10100, guid: 0000000000000000e000000000000000, type: 0}
  m_StaticBatchInfo:
    firstSubMesh: 0
    subMeshCount: 0
  m_StaticBatchRoot: {fileID: 0}
  m_ProbeAnchor: {fileID: 0}
  m_LightProbeVolumeOverride: {fileID: 0}
  m_ScaleInLightmap: 1
  m_ReceiveGI: 1
  m_PreserveUVs: 0
  m_IgnoreNormalsForChartDetection: 0
  m_ImportantGI: 0
  m_StitchLightmapSeams: 1
  m_SelectedEditorRenderState: 3
  m_MinimumChartSize: 4
  m_AutoUVMaxDistance: 0.5
  m_AutoUVMaxAngle: 89
  m_LightmapParameters: {fileID: 0}
  m_SortingLayerID: 0
  m_SortingLayer: 0
  m_SortingOrder: 0
--- !u!102 &1728996474338402364
TextMesh:
  serializedVersion: 3
  m_ObjectHideFlags: 0
  m_CorrespondingSourceObject: {fileID: 0}
  m_PrefabInstance: {fileID: 0}
  m_PrefabAsset: {fileID: 0}
  m_GameObject: {fileID: 675256991763718308}
  m_Text: <<<<<<Rail here
  m_OffsetZ: 0
  m_CharacterSize: 1
  m_LineSpacing: 1
  m_Anchor: 0
  m_Alignment: 0
  m_TabSize: 4
  m_FontSize: 0
  m_FontStyle: 0
  m_RichText: 1
  m_Font: {fileID: 10102, guid: 0000000000000000e000000000000000, type: 0}
  m_Color:
    serializedVersion: 2
    rgba: 4294967295
--- !u!1 &2108536346589498346
GameObject:
  m_ObjectHideFlags: 0
  m_CorrespondingSourceObject: {fileID: 0}
  m_PrefabInstance: {fileID: 0}
  m_PrefabAsset: {fileID: 0}
  serializedVersion: 6
  m_Component:
  - component: {fileID: 2108536346589498349}
  m_Layer: 0
  m_Name: Easy Difficulty001
  m_TagString: Untagged
  m_Icon: {fileID: 0}
  m_NavMeshLayer: 0
  m_StaticEditorFlags: 0
  m_IsActive: 1
--- !u!4 &2108536346589498349
Transform:
  m_ObjectHideFlags: 0
  m_CorrespondingSourceObject: {fileID: 0}
  m_PrefabInstance: {fileID: 0}
  m_PrefabAsset: {fileID: 0}
  m_GameObject: {fileID: 2108536346589498346}
  m_LocalRotation: {x: 0, y: 0, z: 0, w: 1}
  m_LocalPosition: {x: -3279.5625, y: -50.921875, z: 695.8125}
  m_LocalScale: {x: 1, y: 1, z: 1}
  m_Children:
  - {fileID: 7703844077863600677}
  - {fileID: 2513314433356335753}
  - {fileID: 8739395267207072609}
  - {fileID: 3463538415356390359}
  - {fileID: 6355990086929176793}
  - {fileID: 8056101625278570735}
  - {fileID: 3596501378799548315}
  - {fileID: 3927722092616073435}
  - {fileID: 144548710275485535}
  - {fileID: 6808762133931915905}
  m_Father: {fileID: 0}
  m_RootOrder: 0
  m_LocalEulerAnglesHint: {x: 0, y: 0, z: 0}
--- !u!1001 &1758530598966298213
PrefabInstance:
  m_ObjectHideFlags: 0
  serializedVersion: 2
  m_Modification:
    m_TransformParent: {fileID: 2108536346589498349}
    m_Modifications:
    - target: {fileID: 8622858359578011274, guid: e2e4826bacaada840b9dbf685c9c3516,
        type: 3}
      propertyPath: m_LocalPosition.x
      value: 241.5625
      objectReference: {fileID: 0}
    - target: {fileID: 8622858359578011274, guid: e2e4826bacaada840b9dbf685c9c3516,
        type: 3}
      propertyPath: m_LocalPosition.y
      value: 89.921875
      objectReference: {fileID: 0}
    - target: {fileID: 8622858359578011274, guid: e2e4826bacaada840b9dbf685c9c3516,
        type: 3}
      propertyPath: m_LocalPosition.z
      value: 321.1875
      objectReference: {fileID: 0}
    - target: {fileID: 8622858359578011274, guid: e2e4826bacaada840b9dbf685c9c3516,
        type: 3}
      propertyPath: m_LocalRotation.x
      value: -0
      objectReference: {fileID: 0}
    - target: {fileID: 8622858359578011274, guid: e2e4826bacaada840b9dbf685c9c3516,
        type: 3}
      propertyPath: m_LocalRotation.y
      value: 0.7071068
      objectReference: {fileID: 0}
    - target: {fileID: 8622858359578011274, guid: e2e4826bacaada840b9dbf685c9c3516,
        type: 3}
      propertyPath: m_LocalRotation.z
      value: -0
      objectReference: {fileID: 0}
    - target: {fileID: 8622858359578011274, guid: e2e4826bacaada840b9dbf685c9c3516,
        type: 3}
      propertyPath: m_LocalRotation.w
      value: 0.7071068
      objectReference: {fileID: 0}
    - target: {fileID: 8622858359578011274, guid: e2e4826bacaada840b9dbf685c9c3516,
        type: 3}
      propertyPath: m_RootOrder
      value: 5
      objectReference: {fileID: 0}
    - target: {fileID: 8622858359578011274, guid: e2e4826bacaada840b9dbf685c9c3516,
        type: 3}
      propertyPath: m_LocalEulerAnglesHint.x
      value: 0
      objectReference: {fileID: 0}
    - target: {fileID: 8622858359578011274, guid: e2e4826bacaada840b9dbf685c9c3516,
        type: 3}
      propertyPath: m_LocalEulerAnglesHint.y
      value: -90
      objectReference: {fileID: 0}
    - target: {fileID: 8622858359578011274, guid: e2e4826bacaada840b9dbf685c9c3516,
        type: 3}
      propertyPath: m_LocalEulerAnglesHint.z
      value: 0
      objectReference: {fileID: 0}
    - target: {fileID: 8622858359578011274, guid: e2e4826bacaada840b9dbf685c9c3516,
        type: 3}
      propertyPath: m_LocalScale.x
      value: 100
      objectReference: {fileID: 0}
    - target: {fileID: 8622858359578011274, guid: e2e4826bacaada840b9dbf685c9c3516,
        type: 3}
      propertyPath: m_LocalScale.y
      value: 100
      objectReference: {fileID: 0}
    - target: {fileID: 8622858359578011274, guid: e2e4826bacaada840b9dbf685c9c3516,
        type: 3}
      propertyPath: m_LocalScale.z
      value: 100
      objectReference: {fileID: 0}
    - target: {fileID: 8622858359578011380, guid: e2e4826bacaada840b9dbf685c9c3516,
        type: 3}
      propertyPath: m_Materials.Array.data[0]
      value: 
      objectReference: {fileID: 2100000, guid: 265a1d1d84c38fd43969fbad5375617c, type: 2}
    - target: {fileID: 8622858359578011381, guid: e2e4826bacaada840b9dbf685c9c3516,
        type: 3}
      propertyPath: m_Material
      value: 
      objectReference: {fileID: 13400000, guid: 363518749d44f2648b609b49b8d6cfdd,
        type: 2}
    - target: {fileID: 8622858359578011382, guid: e2e4826bacaada840b9dbf685c9c3516,
        type: 3}
      propertyPath: m_Name
      value: Cube16 (40)
      objectReference: {fileID: 0}
    - target: {fileID: 8622858359578011382, guid: e2e4826bacaada840b9dbf685c9c3516,
        type: 3}
      propertyPath: m_Layer
      value: 9
      objectReference: {fileID: 0}
    m_RemovedComponents: []
  m_SourcePrefab: {fileID: 100100000, guid: e2e4826bacaada840b9dbf685c9c3516, type: 3}
--- !u!4 &8056101625278570735 stripped
Transform:
  m_CorrespondingSourceObject: {fileID: 8622858359578011274, guid: e2e4826bacaada840b9dbf685c9c3516,
    type: 3}
  m_PrefabInstance: {fileID: 1758530598966298213}
  m_PrefabAsset: {fileID: 0}
--- !u!1001 &2105307061611898506
PrefabInstance:
  m_ObjectHideFlags: 0
  serializedVersion: 2
  m_Modification:
    m_TransformParent: {fileID: 2108536346589498349}
    m_Modifications:
    - target: {fileID: 2248993686044649897, guid: 00dd40e8b83dbd246878e3f9efea5b0d,
        type: 3}
      propertyPath: m_Name
      value: BuildingWallGreen (6)
      objectReference: {fileID: 0}
    - target: {fileID: 2248993686044649898, guid: 00dd40e8b83dbd246878e3f9efea5b0d,
        type: 3}
      propertyPath: m_Material
      value: 
      objectReference: {fileID: 13400000, guid: 363518749d44f2648b609b49b8d6cfdd,
        type: 2}
    - target: {fileID: 2248993686044649899, guid: 00dd40e8b83dbd246878e3f9efea5b0d,
        type: 3}
      propertyPath: m_Materials.Array.data[0]
      value: 
      objectReference: {fileID: 2100000, guid: 265a1d1d84c38fd43969fbad5375617c, type: 2}
    - target: {fileID: 2248993686044649941, guid: 00dd40e8b83dbd246878e3f9efea5b0d,
        type: 3}
      propertyPath: m_LocalPosition.x
      value: -63.4375
      objectReference: {fileID: 0}
    - target: {fileID: 2248993686044649941, guid: 00dd40e8b83dbd246878e3f9efea5b0d,
        type: 3}
      propertyPath: m_LocalPosition.y
      value: 154.92188
      objectReference: {fileID: 0}
    - target: {fileID: 2248993686044649941, guid: 00dd40e8b83dbd246878e3f9efea5b0d,
        type: 3}
      propertyPath: m_LocalPosition.z
      value: 1.1875
      objectReference: {fileID: 0}
    - target: {fileID: 2248993686044649941, guid: 00dd40e8b83dbd246878e3f9efea5b0d,
        type: 3}
      propertyPath: m_LocalRotation.x
      value: -0
      objectReference: {fileID: 0}
    - target: {fileID: 2248993686044649941, guid: 00dd40e8b83dbd246878e3f9efea5b0d,
        type: 3}
      propertyPath: m_LocalRotation.y
      value: -0.7071068
      objectReference: {fileID: 0}
    - target: {fileID: 2248993686044649941, guid: 00dd40e8b83dbd246878e3f9efea5b0d,
        type: 3}
      propertyPath: m_LocalRotation.z
      value: -0
      objectReference: {fileID: 0}
    - target: {fileID: 2248993686044649941, guid: 00dd40e8b83dbd246878e3f9efea5b0d,
        type: 3}
      propertyPath: m_LocalRotation.w
      value: 0.7071068
      objectReference: {fileID: 0}
    - target: {fileID: 2248993686044649941, guid: 00dd40e8b83dbd246878e3f9efea5b0d,
        type: 3}
      propertyPath: m_RootOrder
      value: 8
      objectReference: {fileID: 0}
    - target: {fileID: 2248993686044649941, guid: 00dd40e8b83dbd246878e3f9efea5b0d,
        type: 3}
      propertyPath: m_LocalEulerAnglesHint.x
      value: 0
      objectReference: {fileID: 0}
    - target: {fileID: 2248993686044649941, guid: 00dd40e8b83dbd246878e3f9efea5b0d,
        type: 3}
      propertyPath: m_LocalEulerAnglesHint.y
      value: -90
      objectReference: {fileID: 0}
    - target: {fileID: 2248993686044649941, guid: 00dd40e8b83dbd246878e3f9efea5b0d,
        type: 3}
      propertyPath: m_LocalEulerAnglesHint.z
      value: 0
      objectReference: {fileID: 0}
    - target: {fileID: 2248993686044649941, guid: 00dd40e8b83dbd246878e3f9efea5b0d,
        type: 3}
      propertyPath: m_LocalScale.z
      value: 300
      objectReference: {fileID: 0}
    - target: {fileID: 2248993686044649941, guid: 00dd40e8b83dbd246878e3f9efea5b0d,
        type: 3}
      propertyPath: m_LocalScale.x
      value: 130
      objectReference: {fileID: 0}
    - target: {fileID: 2248993686044649941, guid: 00dd40e8b83dbd246878e3f9efea5b0d,
        type: 3}
      propertyPath: m_LocalScale.y
      value: 250
      objectReference: {fileID: 0}
    m_RemovedComponents: []
  m_SourcePrefab: {fileID: 100100000, guid: 00dd40e8b83dbd246878e3f9efea5b0d, type: 3}
--- !u!4 &144548710275485535 stripped
Transform:
  m_CorrespondingSourceObject: {fileID: 2248993686044649941, guid: 00dd40e8b83dbd246878e3f9efea5b0d,
    type: 3}
  m_PrefabInstance: {fileID: 2105307061611898506}
  m_PrefabAsset: {fileID: 0}
--- !u!1001 &2108536346567582895
PrefabInstance:
  m_ObjectHideFlags: 0
  serializedVersion: 2
  m_Modification:
    m_TransformParent: {fileID: 2108536346589498349}
    m_Modifications:
    - target: {fileID: 8622858359578011274, guid: e2e4826bacaada840b9dbf685c9c3516,
        type: 3}
      propertyPath: m_LocalPosition.x
      value: 1156.5625
      objectReference: {fileID: 0}
    - target: {fileID: 8622858359578011274, guid: e2e4826bacaada840b9dbf685c9c3516,
        type: 3}
      propertyPath: m_LocalPosition.y
      value: 89.921875
      objectReference: {fileID: 0}
    - target: {fileID: 8622858359578011274, guid: e2e4826bacaada840b9dbf685c9c3516,
        type: 3}
      propertyPath: m_LocalPosition.z
      value: 229.1875
      objectReference: {fileID: 0}
    - target: {fileID: 8622858359578011274, guid: e2e4826bacaada840b9dbf685c9c3516,
        type: 3}
      propertyPath: m_LocalRotation.x
      value: -0
      objectReference: {fileID: 0}
    - target: {fileID: 8622858359578011274, guid: e2e4826bacaada840b9dbf685c9c3516,
        type: 3}
      propertyPath: m_LocalRotation.y
      value: 0.7071068
      objectReference: {fileID: 0}
    - target: {fileID: 8622858359578011274, guid: e2e4826bacaada840b9dbf685c9c3516,
        type: 3}
      propertyPath: m_LocalRotation.z
      value: -0
      objectReference: {fileID: 0}
    - target: {fileID: 8622858359578011274, guid: e2e4826bacaada840b9dbf685c9c3516,
        type: 3}
      propertyPath: m_LocalRotation.w
      value: 0.7071068
      objectReference: {fileID: 0}
    - target: {fileID: 8622858359578011274, guid: e2e4826bacaada840b9dbf685c9c3516,
        type: 3}
      propertyPath: m_RootOrder
      value: 0
      objectReference: {fileID: 0}
    - target: {fileID: 8622858359578011274, guid: e2e4826bacaada840b9dbf685c9c3516,
        type: 3}
      propertyPath: m_LocalEulerAnglesHint.x
      value: 0
      objectReference: {fileID: 0}
    - target: {fileID: 8622858359578011274, guid: e2e4826bacaada840b9dbf685c9c3516,
        type: 3}
      propertyPath: m_LocalEulerAnglesHint.y
      value: -90
      objectReference: {fileID: 0}
    - target: {fileID: 8622858359578011274, guid: e2e4826bacaada840b9dbf685c9c3516,
        type: 3}
      propertyPath: m_LocalEulerAnglesHint.z
      value: 0
      objectReference: {fileID: 0}
    - target: {fileID: 8622858359578011274, guid: e2e4826bacaada840b9dbf685c9c3516,
        type: 3}
      propertyPath: m_LocalScale.x
      value: 100
      objectReference: {fileID: 0}
    - target: {fileID: 8622858359578011274, guid: e2e4826bacaada840b9dbf685c9c3516,
        type: 3}
      propertyPath: m_LocalScale.y
      value: 100
      objectReference: {fileID: 0}
    - target: {fileID: 8622858359578011274, guid: e2e4826bacaada840b9dbf685c9c3516,
        type: 3}
      propertyPath: m_LocalScale.z
      value: 100
      objectReference: {fileID: 0}
    - target: {fileID: 8622858359578011380, guid: e2e4826bacaada840b9dbf685c9c3516,
        type: 3}
      propertyPath: m_Materials.Array.data[0]
      value: 
      objectReference: {fileID: 2100000, guid: 265a1d1d84c38fd43969fbad5375617c, type: 2}
    - target: {fileID: 8622858359578011381, guid: e2e4826bacaada840b9dbf685c9c3516,
        type: 3}
      propertyPath: m_Material
      value: 
      objectReference: {fileID: 13400000, guid: 363518749d44f2648b609b49b8d6cfdd,
        type: 2}
    - target: {fileID: 8622858359578011382, guid: e2e4826bacaada840b9dbf685c9c3516,
        type: 3}
      propertyPath: m_Name
      value: Cube16 (37)
      objectReference: {fileID: 0}
    - target: {fileID: 8622858359578011382, guid: e2e4826bacaada840b9dbf685c9c3516,
        type: 3}
      propertyPath: m_Layer
      value: 9
      objectReference: {fileID: 0}
    m_RemovedComponents: []
  m_SourcePrefab: {fileID: 100100000, guid: e2e4826bacaada840b9dbf685c9c3516, type: 3}
--- !u!4 &7703844077863600677 stripped
Transform:
  m_CorrespondingSourceObject: {fileID: 8622858359578011274, guid: e2e4826bacaada840b9dbf685c9c3516,
    type: 3}
  m_PrefabInstance: {fileID: 2108536346567582895}
  m_PrefabAsset: {fileID: 0}
--- !u!1001 &3431611743467929171
PrefabInstance:
  m_ObjectHideFlags: 0
  serializedVersion: 2
  m_Modification:
    m_TransformParent: {fileID: 2108536346589498349}
    m_Modifications:
    - target: {fileID: 8622858359578011274, guid: e2e4826bacaada840b9dbf685c9c3516,
        type: 3}
      propertyPath: m_LocalPosition.x
      value: 795.5625
      objectReference: {fileID: 0}
    - target: {fileID: 8622858359578011274, guid: e2e4826bacaada840b9dbf685c9c3516,
        type: 3}
      propertyPath: m_LocalPosition.y
      value: 89.921875
      objectReference: {fileID: 0}
    - target: {fileID: 8622858359578011274, guid: e2e4826bacaada840b9dbf685c9c3516,
        type: 3}
      propertyPath: m_LocalPosition.z
      value: 464.1875
      objectReference: {fileID: 0}
    - target: {fileID: 8622858359578011274, guid: e2e4826bacaada840b9dbf685c9c3516,
        type: 3}
      propertyPath: m_LocalRotation.x
      value: -0
      objectReference: {fileID: 0}
    - target: {fileID: 8622858359578011274, guid: e2e4826bacaada840b9dbf685c9c3516,
        type: 3}
      propertyPath: m_LocalRotation.y
      value: 0.7071068
      objectReference: {fileID: 0}
    - target: {fileID: 8622858359578011274, guid: e2e4826bacaada840b9dbf685c9c3516,
        type: 3}
      propertyPath: m_LocalRotation.z
      value: -0
      objectReference: {fileID: 0}
    - target: {fileID: 8622858359578011274, guid: e2e4826bacaada840b9dbf685c9c3516,
        type: 3}
      propertyPath: m_LocalRotation.w
      value: 0.7071068
      objectReference: {fileID: 0}
    - target: {fileID: 8622858359578011274, guid: e2e4826bacaada840b9dbf685c9c3516,
        type: 3}
      propertyPath: m_RootOrder
      value: 4
      objectReference: {fileID: 0}
    - target: {fileID: 8622858359578011274, guid: e2e4826bacaada840b9dbf685c9c3516,
        type: 3}
      propertyPath: m_LocalEulerAnglesHint.x
      value: 0
      objectReference: {fileID: 0}
    - target: {fileID: 8622858359578011274, guid: e2e4826bacaada840b9dbf685c9c3516,
        type: 3}
      propertyPath: m_LocalEulerAnglesHint.y
      value: -90
      objectReference: {fileID: 0}
    - target: {fileID: 8622858359578011274, guid: e2e4826bacaada840b9dbf685c9c3516,
        type: 3}
      propertyPath: m_LocalEulerAnglesHint.z
      value: 0
      objectReference: {fileID: 0}
    - target: {fileID: 8622858359578011274, guid: e2e4826bacaada840b9dbf685c9c3516,
        type: 3}
      propertyPath: m_LocalScale.x
      value: 100
      objectReference: {fileID: 0}
    - target: {fileID: 8622858359578011274, guid: e2e4826bacaada840b9dbf685c9c3516,
        type: 3}
      propertyPath: m_LocalScale.y
      value: 100
      objectReference: {fileID: 0}
    - target: {fileID: 8622858359578011274, guid: e2e4826bacaada840b9dbf685c9c3516,
        type: 3}
      propertyPath: m_LocalScale.z
      value: 100
      objectReference: {fileID: 0}
    - target: {fileID: 8622858359578011380, guid: e2e4826bacaada840b9dbf685c9c3516,
        type: 3}
      propertyPath: m_Materials.Array.data[0]
      value: 
      objectReference: {fileID: 2100000, guid: 265a1d1d84c38fd43969fbad5375617c, type: 2}
    - target: {fileID: 8622858359578011381, guid: e2e4826bacaada840b9dbf685c9c3516,
        type: 3}
      propertyPath: m_Material
      value: 
      objectReference: {fileID: 13400000, guid: 363518749d44f2648b609b49b8d6cfdd,
        type: 2}
    - target: {fileID: 8622858359578011382, guid: e2e4826bacaada840b9dbf685c9c3516,
        type: 3}
      propertyPath: m_Name
      value: Cube16 (39)
      objectReference: {fileID: 0}
    - target: {fileID: 8622858359578011382, guid: e2e4826bacaada840b9dbf685c9c3516,
        type: 3}
      propertyPath: m_Layer
      value: 9
      objectReference: {fileID: 0}
    m_RemovedComponents: []
  m_SourcePrefab: {fileID: 100100000, guid: e2e4826bacaada840b9dbf685c9c3516, type: 3}
--- !u!4 &6355990086929176793 stripped
Transform:
  m_CorrespondingSourceObject: {fileID: 8622858359578011274, guid: e2e4826bacaada840b9dbf685c9c3516,
    type: 3}
  m_PrefabInstance: {fileID: 3431611743467929171}
  m_PrefabAsset: {fileID: 0}
--- !u!1001 &3558448240381163704
PrefabInstance:
  m_ObjectHideFlags: 0
  serializedVersion: 2
  m_Modification:
    m_TransformParent: {fileID: 2513314433356335753}
    m_Modifications:
    - target: {fileID: -4216859302048453862, guid: 4499edcb989ad28439c63d401a7fe1a5,
        type: 3}
      propertyPath: m_LocalPosition.x
      value: -0.504
      objectReference: {fileID: 0}
    - target: {fileID: -4216859302048453862, guid: 4499edcb989ad28439c63d401a7fe1a5,
        type: 3}
      propertyPath: m_LocalPosition.y
      value: -1.0349855e-29
      objectReference: {fileID: 0}
    - target: {fileID: -4216859302048453862, guid: 4499edcb989ad28439c63d401a7fe1a5,
        type: 3}
      propertyPath: m_LocalPosition.z
      value: 0.263
      objectReference: {fileID: 0}
    - target: {fileID: -4216859302048453862, guid: 4499edcb989ad28439c63d401a7fe1a5,
        type: 3}
      propertyPath: m_LocalRotation.x
      value: 0
      objectReference: {fileID: 0}
    - target: {fileID: -4216859302048453862, guid: 4499edcb989ad28439c63d401a7fe1a5,
        type: 3}
      propertyPath: m_LocalRotation.y
      value: -0.7071068
      objectReference: {fileID: 0}
    - target: {fileID: -4216859302048453862, guid: 4499edcb989ad28439c63d401a7fe1a5,
        type: 3}
      propertyPath: m_LocalRotation.z
      value: 0
      objectReference: {fileID: 0}
    - target: {fileID: -4216859302048453862, guid: 4499edcb989ad28439c63d401a7fe1a5,
        type: 3}
      propertyPath: m_LocalRotation.w
      value: 0.7071068
      objectReference: {fileID: 0}
    - target: {fileID: -4216859302048453862, guid: 4499edcb989ad28439c63d401a7fe1a5,
        type: 3}
      propertyPath: m_RootOrder
      value: 2
      objectReference: {fileID: 0}
    - target: {fileID: -4216859302048453862, guid: 4499edcb989ad28439c63d401a7fe1a5,
        type: 3}
      propertyPath: m_LocalEulerAnglesHint.x
      value: 0
      objectReference: {fileID: 0}
    - target: {fileID: -4216859302048453862, guid: 4499edcb989ad28439c63d401a7fe1a5,
        type: 3}
      propertyPath: m_LocalEulerAnglesHint.y
      value: -90
      objectReference: {fileID: 0}
    - target: {fileID: -4216859302048453862, guid: 4499edcb989ad28439c63d401a7fe1a5,
        type: 3}
      propertyPath: m_LocalEulerAnglesHint.z
      value: 0
      objectReference: {fileID: 0}
    - target: {fileID: -4216859302048453862, guid: 4499edcb989ad28439c63d401a7fe1a5,
        type: 3}
      propertyPath: m_LocalScale.x
      value: 0.007085289
      objectReference: {fileID: 0}
    - target: {fileID: -4216859302048453862, guid: 4499edcb989ad28439c63d401a7fe1a5,
        type: 3}
      propertyPath: m_LocalScale.y
      value: 0.009347267
      objectReference: {fileID: 0}
    - target: {fileID: -4216859302048453862, guid: 4499edcb989ad28439c63d401a7fe1a5,
        type: 3}
      propertyPath: m_LocalScale.z
      value: 0.051321
      objectReference: {fileID: 0}
    - target: {fileID: -927199367670048503, guid: 4499edcb989ad28439c63d401a7fe1a5,
        type: 3}
      propertyPath: m_Name
      value: WallTest (2)
      objectReference: {fileID: 0}
    - target: {fileID: -927199367670048503, guid: 4499edcb989ad28439c63d401a7fe1a5,
        type: 3}
      propertyPath: m_Layer
      value: 10
      objectReference: {fileID: 0}
    m_RemovedComponents: []
  m_SourcePrefab: {fileID: 100100000, guid: 4499edcb989ad28439c63d401a7fe1a5, type: 3}
--- !u!1001 &4456050140131140444
PrefabInstance:
  m_ObjectHideFlags: 0
  serializedVersion: 2
  m_Modification:
    m_TransformParent: {fileID: 2108536346589498349}
    m_Modifications:
    - target: {fileID: 2248993686044649897, guid: 00dd40e8b83dbd246878e3f9efea5b0d,
        type: 3}
      propertyPath: m_Name
      value: BuildingWallGreen (5)
      objectReference: {fileID: 0}
    - target: {fileID: 2248993686044649898, guid: 00dd40e8b83dbd246878e3f9efea5b0d,
        type: 3}
      propertyPath: m_Material
      value: 
      objectReference: {fileID: 13400000, guid: 363518749d44f2648b609b49b8d6cfdd,
        type: 2}
    - target: {fileID: 2248993686044649899, guid: 00dd40e8b83dbd246878e3f9efea5b0d,
        type: 3}
      propertyPath: m_Materials.Array.data[0]
      value: 
      objectReference: {fileID: 2100000, guid: 265a1d1d84c38fd43969fbad5375617c, type: 2}
    - target: {fileID: 2248993686044649941, guid: 00dd40e8b83dbd246878e3f9efea5b0d,
        type: 3}
      propertyPath: m_LocalPosition.x
      value: 607.7
      objectReference: {fileID: 0}
    - target: {fileID: 2248993686044649941, guid: 00dd40e8b83dbd246878e3f9efea5b0d,
        type: 3}
      propertyPath: m_LocalPosition.y
      value: 137.92188
      objectReference: {fileID: 0}
    - target: {fileID: 2248993686044649941, guid: 00dd40e8b83dbd246878e3f9efea5b0d,
        type: 3}
      propertyPath: m_LocalPosition.z
      value: 623.1875
      objectReference: {fileID: 0}
    - target: {fileID: 2248993686044649941, guid: 00dd40e8b83dbd246878e3f9efea5b0d,
        type: 3}
      propertyPath: m_LocalRotation.x
      value: -0
      objectReference: {fileID: 0}
    - target: {fileID: 2248993686044649941, guid: 00dd40e8b83dbd246878e3f9efea5b0d,
        type: 3}
      propertyPath: m_LocalRotation.y
      value: -0.7071068
      objectReference: {fileID: 0}
    - target: {fileID: 2248993686044649941, guid: 00dd40e8b83dbd246878e3f9efea5b0d,
        type: 3}
      propertyPath: m_LocalRotation.z
      value: -0
      objectReference: {fileID: 0}
    - target: {fileID: 2248993686044649941, guid: 00dd40e8b83dbd246878e3f9efea5b0d,
        type: 3}
      propertyPath: m_LocalRotation.w
      value: 0.7071068
      objectReference: {fileID: 0}
    - target: {fileID: 2248993686044649941, guid: 00dd40e8b83dbd246878e3f9efea5b0d,
        type: 3}
      propertyPath: m_RootOrder
      value: 1
      objectReference: {fileID: 0}
    - target: {fileID: 2248993686044649941, guid: 00dd40e8b83dbd246878e3f9efea5b0d,
        type: 3}
      propertyPath: m_LocalEulerAnglesHint.x
      value: 0
      objectReference: {fileID: 0}
    - target: {fileID: 2248993686044649941, guid: 00dd40e8b83dbd246878e3f9efea5b0d,
        type: 3}
      propertyPath: m_LocalEulerAnglesHint.y
      value: -90
      objectReference: {fileID: 0}
    - target: {fileID: 2248993686044649941, guid: 00dd40e8b83dbd246878e3f9efea5b0d,
        type: 3}
      propertyPath: m_LocalEulerAnglesHint.z
      value: 0
      objectReference: {fileID: 0}
    - target: {fileID: 2248993686044649941, guid: 00dd40e8b83dbd246878e3f9efea5b0d,
        type: 3}
      propertyPath: m_LocalScale.z
      value: 300
      objectReference: {fileID: 0}
    - target: {fileID: 2248993686044649941, guid: 00dd40e8b83dbd246878e3f9efea5b0d,
        type: 3}
      propertyPath: m_LocalScale.x
      value: 130
      objectReference: {fileID: 0}
    - target: {fileID: 2248993686044649941, guid: 00dd40e8b83dbd246878e3f9efea5b0d,
        type: 3}
      propertyPath: m_LocalScale.y
      value: 200
      objectReference: {fileID: 0}
    m_RemovedComponents: []
  m_SourcePrefab: {fileID: 100100000, guid: 00dd40e8b83dbd246878e3f9efea5b0d, type: 3}
--- !u!4 &2513314433356335753 stripped
Transform:
  m_CorrespondingSourceObject: {fileID: 2248993686044649941, guid: 00dd40e8b83dbd246878e3f9efea5b0d,
    type: 3}
  m_PrefabInstance: {fileID: 4456050140131140444}
  m_PrefabAsset: {fileID: 0}
--- !u!1001 &4695171468541191761
PrefabInstance:
  m_ObjectHideFlags: 0
  serializedVersion: 2
  m_Modification:
    m_TransformParent: {fileID: 2108536346589498349}
    m_Modifications:
    - target: {fileID: 8622858359578011274, guid: e2e4826bacaada840b9dbf685c9c3516,
        type: 3}
      propertyPath: m_LocalPosition.x
      value: 122.5625
      objectReference: {fileID: 0}
    - target: {fileID: 8622858359578011274, guid: e2e4826bacaada840b9dbf685c9c3516,
        type: 3}
      propertyPath: m_LocalPosition.y
      value: 89.921875
      objectReference: {fileID: 0}
    - target: {fileID: 8622858359578011274, guid: e2e4826bacaada840b9dbf685c9c3516,
        type: 3}
      propertyPath: m_LocalPosition.z
      value: 155.1875
      objectReference: {fileID: 0}
    - target: {fileID: 8622858359578011274, guid: e2e4826bacaada840b9dbf685c9c3516,
        type: 3}
      propertyPath: m_LocalRotation.x
      value: -0
      objectReference: {fileID: 0}
    - target: {fileID: 8622858359578011274, guid: e2e4826bacaada840b9dbf685c9c3516,
        type: 3}
      propertyPath: m_LocalRotation.y
      value: 0.7071068
      objectReference: {fileID: 0}
    - target: {fileID: 8622858359578011274, guid: e2e4826bacaada840b9dbf685c9c3516,
        type: 3}
      propertyPath: m_LocalRotation.z
      value: -0
      objectReference: {fileID: 0}
    - target: {fileID: 8622858359578011274, guid: e2e4826bacaada840b9dbf685c9c3516,
        type: 3}
      propertyPath: m_LocalRotation.w
      value: 0.7071068
      objectReference: {fileID: 0}
    - target: {fileID: 8622858359578011274, guid: e2e4826bacaada840b9dbf685c9c3516,
        type: 3}
      propertyPath: m_RootOrder
      value: 7
      objectReference: {fileID: 0}
    - target: {fileID: 8622858359578011274, guid: e2e4826bacaada840b9dbf685c9c3516,
        type: 3}
      propertyPath: m_LocalEulerAnglesHint.x
      value: 0
      objectReference: {fileID: 0}
    - target: {fileID: 8622858359578011274, guid: e2e4826bacaada840b9dbf685c9c3516,
        type: 3}
      propertyPath: m_LocalEulerAnglesHint.y
      value: -90
      objectReference: {fileID: 0}
    - target: {fileID: 8622858359578011274, guid: e2e4826bacaada840b9dbf685c9c3516,
        type: 3}
      propertyPath: m_LocalEulerAnglesHint.z
      value: 0
      objectReference: {fileID: 0}
    - target: {fileID: 8622858359578011274, guid: e2e4826bacaada840b9dbf685c9c3516,
        type: 3}
      propertyPath: m_LocalScale.x
      value: 100
      objectReference: {fileID: 0}
    - target: {fileID: 8622858359578011274, guid: e2e4826bacaada840b9dbf685c9c3516,
        type: 3}
      propertyPath: m_LocalScale.y
      value: 100
      objectReference: {fileID: 0}
    - target: {fileID: 8622858359578011274, guid: e2e4826bacaada840b9dbf685c9c3516,
        type: 3}
      propertyPath: m_LocalScale.z
      value: 100
      objectReference: {fileID: 0}
    - target: {fileID: 8622858359578011380, guid: e2e4826bacaada840b9dbf685c9c3516,
        type: 3}
      propertyPath: m_Materials.Array.data[0]
      value: 
      objectReference: {fileID: 2100000, guid: 265a1d1d84c38fd43969fbad5375617c, type: 2}
    - target: {fileID: 8622858359578011381, guid: e2e4826bacaada840b9dbf685c9c3516,
        type: 3}
      propertyPath: m_Material
      value: 
      objectReference: {fileID: 13400000, guid: 363518749d44f2648b609b49b8d6cfdd,
        type: 2}
    - target: {fileID: 8622858359578011382, guid: e2e4826bacaada840b9dbf685c9c3516,
        type: 3}
      propertyPath: m_Name
      value: Cube16 (42)
      objectReference: {fileID: 0}
    - target: {fileID: 8622858359578011382, guid: e2e4826bacaada840b9dbf685c9c3516,
        type: 3}
      propertyPath: m_Layer
      value: 9
      objectReference: {fileID: 0}
    m_RemovedComponents: []
  m_SourcePrefab: {fileID: 100100000, guid: e2e4826bacaada840b9dbf685c9c3516, type: 3}
--- !u!4 &3927722092616073435 stripped
Transform:
  m_CorrespondingSourceObject: {fileID: 8622858359578011274, guid: e2e4826bacaada840b9dbf685c9c3516,
    type: 3}
  m_PrefabInstance: {fileID: 4695171468541191761}
  m_PrefabAsset: {fileID: 0}
--- !u!1001 &5063133462902018321
PrefabInstance:
  m_ObjectHideFlags: 0
  serializedVersion: 2
  m_Modification:
    m_TransformParent: {fileID: 2108536346589498349}
    m_Modifications:
    - target: {fileID: 8622858359578011274, guid: e2e4826bacaada840b9dbf685c9c3516,
        type: 3}
      propertyPath: m_LocalPosition.x
      value: 379.5625
      objectReference: {fileID: 0}
    - target: {fileID: 8622858359578011274, guid: e2e4826bacaada840b9dbf685c9c3516,
        type: 3}
      propertyPath: m_LocalPosition.y
      value: 89.921875
      objectReference: {fileID: 0}
    - target: {fileID: 8622858359578011274, guid: e2e4826bacaada840b9dbf685c9c3516,
        type: 3}
      propertyPath: m_LocalPosition.z
      value: 468.1875
      objectReference: {fileID: 0}
    - target: {fileID: 8622858359578011274, guid: e2e4826bacaada840b9dbf685c9c3516,
        type: 3}
      propertyPath: m_LocalRotation.x
      value: -0
      objectReference: {fileID: 0}
    - target: {fileID: 8622858359578011274, guid: e2e4826bacaada840b9dbf685c9c3516,
        type: 3}
      propertyPath: m_LocalRotation.y
      value: 0.7071068
      objectReference: {fileID: 0}
    - target: {fileID: 8622858359578011274, guid: e2e4826bacaada840b9dbf685c9c3516,
        type: 3}
      propertyPath: m_LocalRotation.z
      value: -0
      objectReference: {fileID: 0}
    - target: {fileID: 8622858359578011274, guid: e2e4826bacaada840b9dbf685c9c3516,
        type: 3}
      propertyPath: m_LocalRotation.w
      value: 0.7071068
      objectReference: {fileID: 0}
    - target: {fileID: 8622858359578011274, guid: e2e4826bacaada840b9dbf685c9c3516,
        type: 3}
      propertyPath: m_RootOrder
      value: 6
      objectReference: {fileID: 0}
    - target: {fileID: 8622858359578011274, guid: e2e4826bacaada840b9dbf685c9c3516,
        type: 3}
      propertyPath: m_LocalEulerAnglesHint.x
      value: 0
      objectReference: {fileID: 0}
    - target: {fileID: 8622858359578011274, guid: e2e4826bacaada840b9dbf685c9c3516,
        type: 3}
      propertyPath: m_LocalEulerAnglesHint.y
      value: -90
      objectReference: {fileID: 0}
    - target: {fileID: 8622858359578011274, guid: e2e4826bacaada840b9dbf685c9c3516,
        type: 3}
      propertyPath: m_LocalEulerAnglesHint.z
      value: 0
      objectReference: {fileID: 0}
    - target: {fileID: 8622858359578011274, guid: e2e4826bacaada840b9dbf685c9c3516,
        type: 3}
      propertyPath: m_LocalScale.x
      value: 100
      objectReference: {fileID: 0}
    - target: {fileID: 8622858359578011274, guid: e2e4826bacaada840b9dbf685c9c3516,
        type: 3}
      propertyPath: m_LocalScale.y
      value: 100
      objectReference: {fileID: 0}
    - target: {fileID: 8622858359578011274, guid: e2e4826bacaada840b9dbf685c9c3516,
        type: 3}
      propertyPath: m_LocalScale.z
      value: 100
      objectReference: {fileID: 0}
    - target: {fileID: 8622858359578011380, guid: e2e4826bacaada840b9dbf685c9c3516,
        type: 3}
      propertyPath: m_Materials.Array.data[0]
      value: 
      objectReference: {fileID: 2100000, guid: 265a1d1d84c38fd43969fbad5375617c, type: 2}
    - target: {fileID: 8622858359578011381, guid: e2e4826bacaada840b9dbf685c9c3516,
        type: 3}
      propertyPath: m_Material
      value: 
      objectReference: {fileID: 13400000, guid: 363518749d44f2648b609b49b8d6cfdd,
        type: 2}
    - target: {fileID: 8622858359578011382, guid: e2e4826bacaada840b9dbf685c9c3516,
        type: 3}
      propertyPath: m_Name
      value: Cube16 (41)
      objectReference: {fileID: 0}
    - target: {fileID: 8622858359578011382, guid: e2e4826bacaada840b9dbf685c9c3516,
        type: 3}
      propertyPath: m_Layer
      value: 9
      objectReference: {fileID: 0}
    m_RemovedComponents: []
  m_SourcePrefab: {fileID: 100100000, guid: e2e4826bacaada840b9dbf685c9c3516, type: 3}
--- !u!4 &3596501378799548315 stripped
Transform:
  m_CorrespondingSourceObject: {fileID: 8622858359578011274, guid: e2e4826bacaada840b9dbf685c9c3516,
    type: 3}
  m_PrefabInstance: {fileID: 5063133462902018321}
  m_PrefabAsset: {fileID: 0}
--- !u!1001 &5168582247357025629
PrefabInstance:
  m_ObjectHideFlags: 0
  serializedVersion: 2
  m_Modification:
    m_TransformParent: {fileID: 2108536346589498349}
    m_Modifications:
    - target: {fileID: 8622858359578011274, guid: e2e4826bacaada840b9dbf685c9c3516,
        type: 3}
      propertyPath: m_LocalPosition.x
      value: 969.5625
      objectReference: {fileID: 0}
    - target: {fileID: 8622858359578011274, guid: e2e4826bacaada840b9dbf685c9c3516,
        type: 3}
      propertyPath: m_LocalPosition.y
      value: 89.921875
      objectReference: {fileID: 0}
    - target: {fileID: 8622858359578011274, guid: e2e4826bacaada840b9dbf685c9c3516,
        type: 3}
      propertyPath: m_LocalPosition.z
      value: 326.1875
      objectReference: {fileID: 0}
    - target: {fileID: 8622858359578011274, guid: e2e4826bacaada840b9dbf685c9c3516,
        type: 3}
      propertyPath: m_LocalRotation.x
      value: -0
      objectReference: {fileID: 0}
    - target: {fileID: 8622858359578011274, guid: e2e4826bacaada840b9dbf685c9c3516,
        type: 3}
      propertyPath: m_LocalRotation.y
      value: 0.7071068
      objectReference: {fileID: 0}
    - target: {fileID: 8622858359578011274, guid: e2e4826bacaada840b9dbf685c9c3516,
        type: 3}
      propertyPath: m_LocalRotation.z
      value: -0
      objectReference: {fileID: 0}
    - target: {fileID: 8622858359578011274, guid: e2e4826bacaada840b9dbf685c9c3516,
        type: 3}
      propertyPath: m_LocalRotation.w
      value: 0.7071068
      objectReference: {fileID: 0}
    - target: {fileID: 8622858359578011274, guid: e2e4826bacaada840b9dbf685c9c3516,
        type: 3}
      propertyPath: m_RootOrder
      value: 3
      objectReference: {fileID: 0}
    - target: {fileID: 8622858359578011274, guid: e2e4826bacaada840b9dbf685c9c3516,
        type: 3}
      propertyPath: m_LocalEulerAnglesHint.x
      value: 0
      objectReference: {fileID: 0}
    - target: {fileID: 8622858359578011274, guid: e2e4826bacaada840b9dbf685c9c3516,
        type: 3}
      propertyPath: m_LocalEulerAnglesHint.y
      value: -90
      objectReference: {fileID: 0}
    - target: {fileID: 8622858359578011274, guid: e2e4826bacaada840b9dbf685c9c3516,
        type: 3}
      propertyPath: m_LocalEulerAnglesHint.z
      value: 0
      objectReference: {fileID: 0}
    - target: {fileID: 8622858359578011274, guid: e2e4826bacaada840b9dbf685c9c3516,
        type: 3}
      propertyPath: m_LocalScale.x
      value: 100
      objectReference: {fileID: 0}
    - target: {fileID: 8622858359578011274, guid: e2e4826bacaada840b9dbf685c9c3516,
        type: 3}
      propertyPath: m_LocalScale.y
      value: 100
      objectReference: {fileID: 0}
    - target: {fileID: 8622858359578011274, guid: e2e4826bacaada840b9dbf685c9c3516,
        type: 3}
      propertyPath: m_LocalScale.z
      value: 100
      objectReference: {fileID: 0}
    - target: {fileID: 8622858359578011380, guid: e2e4826bacaada840b9dbf685c9c3516,
        type: 3}
      propertyPath: m_Materials.Array.data[0]
      value: 
      objectReference: {fileID: 2100000, guid: 265a1d1d84c38fd43969fbad5375617c, type: 2}
    - target: {fileID: 8622858359578011381, guid: e2e4826bacaada840b9dbf685c9c3516,
        type: 3}
      propertyPath: m_Material
      value: 
      objectReference: {fileID: 13400000, guid: 363518749d44f2648b609b49b8d6cfdd,
        type: 2}
    - target: {fileID: 8622858359578011382, guid: e2e4826bacaada840b9dbf685c9c3516,
        type: 3}
      propertyPath: m_Name
      value: Cube16 (38)
      objectReference: {fileID: 0}
    - target: {fileID: 8622858359578011382, guid: e2e4826bacaada840b9dbf685c9c3516,
        type: 3}
      propertyPath: m_Layer
      value: 9
      objectReference: {fileID: 0}
    m_RemovedComponents: []
  m_SourcePrefab: {fileID: 100100000, guid: e2e4826bacaada840b9dbf685c9c3516, type: 3}
--- !u!4 &3463538415356390359 stripped
Transform:
  m_CorrespondingSourceObject: {fileID: 8622858359578011274, guid: e2e4826bacaada840b9dbf685c9c3516,
    type: 3}
  m_PrefabInstance: {fileID: 5168582247357025629}
  m_PrefabAsset: {fileID: 0}
--- !u!1001 &5363293904199680551
PrefabInstance:
  m_ObjectHideFlags: 0
  serializedVersion: 2
  m_Modification:
    m_TransformParent: {fileID: 2513314433356335753}
    m_Modifications:
    - target: {fileID: -4216859302048453862, guid: 4499edcb989ad28439c63d401a7fe1a5,
        type: 3}
      propertyPath: m_LocalPosition.x
      value: -0.504
      objectReference: {fileID: 0}
    - target: {fileID: -4216859302048453862, guid: 4499edcb989ad28439c63d401a7fe1a5,
        type: 3}
      propertyPath: m_LocalPosition.y
      value: -1.0349855e-29
      objectReference: {fileID: 0}
    - target: {fileID: -4216859302048453862, guid: 4499edcb989ad28439c63d401a7fe1a5,
        type: 3}
      propertyPath: m_LocalPosition.z
      value: -0.0994
      objectReference: {fileID: 0}
    - target: {fileID: -4216859302048453862, guid: 4499edcb989ad28439c63d401a7fe1a5,
        type: 3}
      propertyPath: m_LocalRotation.x
      value: 0
      objectReference: {fileID: 0}
    - target: {fileID: -4216859302048453862, guid: 4499edcb989ad28439c63d401a7fe1a5,
        type: 3}
      propertyPath: m_LocalRotation.y
      value: -0.7071068
      objectReference: {fileID: 0}
    - target: {fileID: -4216859302048453862, guid: 4499edcb989ad28439c63d401a7fe1a5,
        type: 3}
      propertyPath: m_LocalRotation.z
      value: 0
      objectReference: {fileID: 0}
    - target: {fileID: -4216859302048453862, guid: 4499edcb989ad28439c63d401a7fe1a5,
        type: 3}
      propertyPath: m_LocalRotation.w
      value: 0.7071068
      objectReference: {fileID: 0}
    - target: {fileID: -4216859302048453862, guid: 4499edcb989ad28439c63d401a7fe1a5,
        type: 3}
      propertyPath: m_RootOrder
      value: 0
      objectReference: {fileID: 0}
    - target: {fileID: -4216859302048453862, guid: 4499edcb989ad28439c63d401a7fe1a5,
        type: 3}
      propertyPath: m_LocalEulerAnglesHint.x
      value: 0
      objectReference: {fileID: 0}
    - target: {fileID: -4216859302048453862, guid: 4499edcb989ad28439c63d401a7fe1a5,
        type: 3}
      propertyPath: m_LocalEulerAnglesHint.y
      value: -90
      objectReference: {fileID: 0}
    - target: {fileID: -4216859302048453862, guid: 4499edcb989ad28439c63d401a7fe1a5,
        type: 3}
      propertyPath: m_LocalEulerAnglesHint.z
      value: 0
      objectReference: {fileID: 0}
    - target: {fileID: -4216859302048453862, guid: 4499edcb989ad28439c63d401a7fe1a5,
        type: 3}
      propertyPath: m_LocalScale.x
      value: 0.007085289
      objectReference: {fileID: 0}
    - target: {fileID: -4216859302048453862, guid: 4499edcb989ad28439c63d401a7fe1a5,
        type: 3}
      propertyPath: m_LocalScale.y
      value: 0.009347267
      objectReference: {fileID: 0}
    - target: {fileID: -4216859302048453862, guid: 4499edcb989ad28439c63d401a7fe1a5,
        type: 3}
      propertyPath: m_LocalScale.z
      value: 0.051321
      objectReference: {fileID: 0}
    - target: {fileID: -927199367670048503, guid: 4499edcb989ad28439c63d401a7fe1a5,
        type: 3}
      propertyPath: m_Name
      value: WallTest
      objectReference: {fileID: 0}
    - target: {fileID: -927199367670048503, guid: 4499edcb989ad28439c63d401a7fe1a5,
        type: 3}
      propertyPath: m_Layer
      value: 10
      objectReference: {fileID: 0}
    m_RemovedComponents: []
  m_SourcePrefab: {fileID: 100100000, guid: 4499edcb989ad28439c63d401a7fe1a5, type: 3}
--- !u!1001 &6601691549127951271
PrefabInstance:
  m_ObjectHideFlags: 0
  serializedVersion: 2
  m_Modification:
    m_TransformParent: {fileID: 2513314433356335753}
    m_Modifications:
    - target: {fileID: -4216859302048453862, guid: 4499edcb989ad28439c63d401a7fe1a5,
        type: 3}
      propertyPath: m_LocalPosition.x
      value: -0.504
      objectReference: {fileID: 0}
    - target: {fileID: -4216859302048453862, guid: 4499edcb989ad28439c63d401a7fe1a5,
        type: 3}
      propertyPath: m_LocalPosition.y
      value: -1.0349855e-29
      objectReference: {fileID: 0}
    - target: {fileID: -4216859302048453862, guid: 4499edcb989ad28439c63d401a7fe1a5,
        type: 3}
      propertyPath: m_LocalPosition.z
      value: -0.2808
      objectReference: {fileID: 0}
    - target: {fileID: -4216859302048453862, guid: 4499edcb989ad28439c63d401a7fe1a5,
        type: 3}
      propertyPath: m_LocalRotation.x
      value: 0
      objectReference: {fileID: 0}
    - target: {fileID: -4216859302048453862, guid: 4499edcb989ad28439c63d401a7fe1a5,
        type: 3}
      propertyPath: m_LocalRotation.y
      value: -0.7071068
      objectReference: {fileID: 0}
    - target: {fileID: -4216859302048453862, guid: 4499edcb989ad28439c63d401a7fe1a5,
        type: 3}
      propertyPath: m_LocalRotation.z
      value: 0
      objectReference: {fileID: 0}
    - target: {fileID: -4216859302048453862, guid: 4499edcb989ad28439c63d401a7fe1a5,
        type: 3}
      propertyPath: m_LocalRotation.w
      value: 0.7071068
      objectReference: {fileID: 0}
    - target: {fileID: -4216859302048453862, guid: 4499edcb989ad28439c63d401a7fe1a5,
        type: 3}
      propertyPath: m_RootOrder
      value: 1
      objectReference: {fileID: 0}
    - target: {fileID: -4216859302048453862, guid: 4499edcb989ad28439c63d401a7fe1a5,
        type: 3}
      propertyPath: m_LocalEulerAnglesHint.x
      value: 0
      objectReference: {fileID: 0}
    - target: {fileID: -4216859302048453862, guid: 4499edcb989ad28439c63d401a7fe1a5,
        type: 3}
      propertyPath: m_LocalEulerAnglesHint.y
      value: -90
      objectReference: {fileID: 0}
    - target: {fileID: -4216859302048453862, guid: 4499edcb989ad28439c63d401a7fe1a5,
        type: 3}
      propertyPath: m_LocalEulerAnglesHint.z
      value: 0
      objectReference: {fileID: 0}
    - target: {fileID: -4216859302048453862, guid: 4499edcb989ad28439c63d401a7fe1a5,
        type: 3}
      propertyPath: m_LocalScale.x
      value: 0.007085289
      objectReference: {fileID: 0}
    - target: {fileID: -4216859302048453862, guid: 4499edcb989ad28439c63d401a7fe1a5,
        type: 3}
      propertyPath: m_LocalScale.y
      value: 0.009347267
      objectReference: {fileID: 0}
    - target: {fileID: -4216859302048453862, guid: 4499edcb989ad28439c63d401a7fe1a5,
        type: 3}
      propertyPath: m_LocalScale.z
      value: 0.051321
      objectReference: {fileID: 0}
    - target: {fileID: -927199367670048503, guid: 4499edcb989ad28439c63d401a7fe1a5,
        type: 3}
      propertyPath: m_Name
      value: WallTest (1)
      objectReference: {fileID: 0}
    - target: {fileID: -927199367670048503, guid: 4499edcb989ad28439c63d401a7fe1a5,
        type: 3}
      propertyPath: m_Layer
      value: 10
      objectReference: {fileID: 0}
    m_RemovedComponents: []
  m_SourcePrefab: {fileID: 100100000, guid: 4499edcb989ad28439c63d401a7fe1a5, type: 3}
--- !u!1001 &7753779274589777584
PrefabInstance:
  m_ObjectHideFlags: 0
  serializedVersion: 2
  m_Modification:
    m_TransformParent: {fileID: 2108536346589498349}
    m_Modifications:
    - target: {fileID: 269153735828514338, guid: 5740bf7509fd7eb4593d53506d79d8bc,
        type: 3}
      propertyPath: m_Name
      value: Building1
      objectReference: {fileID: 0}
    - target: {fileID: 3884179020376560689, guid: 5740bf7509fd7eb4593d53506d79d8bc,
        type: 3}
      propertyPath: m_LocalPosition.x
      value: 236.3
      objectReference: {fileID: 0}
    - target: {fileID: 3884179020376560689, guid: 5740bf7509fd7eb4593d53506d79d8bc,
        type: 3}
      propertyPath: m_LocalPosition.y
      value: -179
      objectReference: {fileID: 0}
    - target: {fileID: 3884179020376560689, guid: 5740bf7509fd7eb4593d53506d79d8bc,
        type: 3}
      propertyPath: m_LocalPosition.z
      value: 321.8
      objectReference: {fileID: 0}
    - target: {fileID: 3884179020376560689, guid: 5740bf7509fd7eb4593d53506d79d8bc,
        type: 3}
      propertyPath: m_LocalRotation.x
      value: -0
      objectReference: {fileID: 0}
    - target: {fileID: 3884179020376560689, guid: 5740bf7509fd7eb4593d53506d79d8bc,
        type: 3}
      propertyPath: m_LocalRotation.y
      value: -0
      objectReference: {fileID: 0}
    - target: {fileID: 3884179020376560689, guid: 5740bf7509fd7eb4593d53506d79d8bc,
        type: 3}
      propertyPath: m_LocalRotation.z
      value: -0
      objectReference: {fileID: 0}
    - target: {fileID: 3884179020376560689, guid: 5740bf7509fd7eb4593d53506d79d8bc,
        type: 3}
      propertyPath: m_LocalRotation.w
      value: 1
      objectReference: {fileID: 0}
    - target: {fileID: 3884179020376560689, guid: 5740bf7509fd7eb4593d53506d79d8bc,
        type: 3}
      propertyPath: m_RootOrder
      value: 9
      objectReference: {fileID: 0}
    - target: {fileID: 3884179020376560689, guid: 5740bf7509fd7eb4593d53506d79d8bc,
        type: 3}
      propertyPath: m_LocalEulerAnglesHint.x
      value: 0
      objectReference: {fileID: 0}
    - target: {fileID: 3884179020376560689, guid: 5740bf7509fd7eb4593d53506d79d8bc,
        type: 3}
      propertyPath: m_LocalEulerAnglesHint.y
      value: 0
      objectReference: {fileID: 0}
    - target: {fileID: 3884179020376560689, guid: 5740bf7509fd7eb4593d53506d79d8bc,
        type: 3}
      propertyPath: m_LocalEulerAnglesHint.z
      value: 0
      objectReference: {fileID: 0}
    m_RemovedComponents: []
  m_SourcePrefab: {fileID: 100100000, guid: 5740bf7509fd7eb4593d53506d79d8bc, type: 3}
--- !u!4 &6808762133931915905 stripped
Transform:
  m_CorrespondingSourceObject: {fileID: 3884179020376560689, guid: 5740bf7509fd7eb4593d53506d79d8bc,
    type: 3}
  m_PrefabInstance: {fileID: 7753779274589777584}
  m_PrefabAsset: {fileID: 0}
--- !u!1001 &8445659823832781632
PrefabInstance:
  m_ObjectHideFlags: 0
  serializedVersion: 2
  m_Modification:
    m_TransformParent: {fileID: 2513314433356335753}
    m_Modifications:
    - target: {fileID: -4216859302048453862, guid: 4499edcb989ad28439c63d401a7fe1a5,
        type: 3}
      propertyPath: m_LocalPosition.x
      value: -0.504
      objectReference: {fileID: 0}
    - target: {fileID: -4216859302048453862, guid: 4499edcb989ad28439c63d401a7fe1a5,
        type: 3}
      propertyPath: m_LocalPosition.y
      value: -1.0349855e-29
      objectReference: {fileID: 0}
    - target: {fileID: -4216859302048453862, guid: 4499edcb989ad28439c63d401a7fe1a5,
        type: 3}
      propertyPath: m_LocalPosition.z
      value: 0.082
      objectReference: {fileID: 0}
    - target: {fileID: -4216859302048453862, guid: 4499edcb989ad28439c63d401a7fe1a5,
        type: 3}
      propertyPath: m_LocalRotation.x
      value: 0
      objectReference: {fileID: 0}
    - target: {fileID: -4216859302048453862, guid: 4499edcb989ad28439c63d401a7fe1a5,
        type: 3}
      propertyPath: m_LocalRotation.y
      value: -0.7071068
      objectReference: {fileID: 0}
    - target: {fileID: -4216859302048453862, guid: 4499edcb989ad28439c63d401a7fe1a5,
        type: 3}
      propertyPath: m_LocalRotation.z
      value: 0
      objectReference: {fileID: 0}
    - target: {fileID: -4216859302048453862, guid: 4499edcb989ad28439c63d401a7fe1a5,
        type: 3}
      propertyPath: m_LocalRotation.w
      value: 0.7071068
      objectReference: {fileID: 0}
    - target: {fileID: -4216859302048453862, guid: 4499edcb989ad28439c63d401a7fe1a5,
        type: 3}
      propertyPath: m_RootOrder
      value: 3
      objectReference: {fileID: 0}
    - target: {fileID: -4216859302048453862, guid: 4499edcb989ad28439c63d401a7fe1a5,
        type: 3}
      propertyPath: m_LocalEulerAnglesHint.x
      value: 0
      objectReference: {fileID: 0}
    - target: {fileID: -4216859302048453862, guid: 4499edcb989ad28439c63d401a7fe1a5,
        type: 3}
      propertyPath: m_LocalEulerAnglesHint.y
      value: -90
      objectReference: {fileID: 0}
    - target: {fileID: -4216859302048453862, guid: 4499edcb989ad28439c63d401a7fe1a5,
        type: 3}
      propertyPath: m_LocalEulerAnglesHint.z
      value: 0
      objectReference: {fileID: 0}
    - target: {fileID: -4216859302048453862, guid: 4499edcb989ad28439c63d401a7fe1a5,
        type: 3}
      propertyPath: m_LocalScale.x
      value: 0.007085289
      objectReference: {fileID: 0}
    - target: {fileID: -4216859302048453862, guid: 4499edcb989ad28439c63d401a7fe1a5,
        type: 3}
      propertyPath: m_LocalScale.y
      value: 0.009347267
      objectReference: {fileID: 0}
    - target: {fileID: -4216859302048453862, guid: 4499edcb989ad28439c63d401a7fe1a5,
        type: 3}
      propertyPath: m_LocalScale.z
      value: 0.051321
      objectReference: {fileID: 0}
    - target: {fileID: -927199367670048503, guid: 4499edcb989ad28439c63d401a7fe1a5,
        type: 3}
      propertyPath: m_Name
      value: WallTest (3)
      objectReference: {fileID: 0}
    - target: {fileID: -927199367670048503, guid: 4499edcb989ad28439c63d401a7fe1a5,
        type: 3}
      propertyPath: m_Layer
      value: 10
      objectReference: {fileID: 0}
    m_RemovedComponents: []
  m_SourcePrefab: {fileID: 100100000, guid: 4499edcb989ad28439c63d401a7fe1a5, type: 3}
