%YAML 1.1
%TAG !u! tag:unity3d.com,2011:
--- !u!1 &2065306531244140429
GameObject:
  m_ObjectHideFlags: 0
  m_CorrespondingSourceObject: {fileID: 0}
  m_PrefabInstance: {fileID: 0}
  m_PrefabAsset: {fileID: 0}
  serializedVersion: 6
  m_Component:
  - component: {fileID: 7230273083253706441}
  - component: {fileID: 1410555383599785173}
  - component: {fileID: 272889278988744812}
  - component: {fileID: 8096739348328311579}
  m_Layer: 0
  m_Name: Cube (3)
  m_TagString: Untagged
  m_Icon: {fileID: 0}
  m_NavMeshLayer: 0
  m_StaticEditorFlags: 0
  m_IsActive: 1
--- !u!4 &7230273083253706441
Transform:
  m_ObjectHideFlags: 0
  m_CorrespondingSourceObject: {fileID: 0}
  m_PrefabInstance: {fileID: 0}
  m_PrefabAsset: {fileID: 0}
  m_GameObject: {fileID: 2065306531244140429}
  m_LocalRotation: {x: 0, y: 0, z: 0, w: 1}
  m_LocalPosition: {x: -538.25, y: 88.5, z: 0}
  m_LocalScale: {x: 10, y: 10, z: 10}
  m_Children: []
  m_Father: {fileID: 4246310036645107428}
  m_RootOrder: 4
  m_LocalEulerAnglesHint: {x: 0, y: 0, z: 0}
--- !u!33 &1410555383599785173
MeshFilter:
  m_ObjectHideFlags: 0
  m_CorrespondingSourceObject: {fileID: 0}
  m_PrefabInstance: {fileID: 0}
  m_PrefabAsset: {fileID: 0}
  m_GameObject: {fileID: 2065306531244140429}
  m_Mesh: {fileID: 10202, guid: 0000000000000000e000000000000000, type: 0}
--- !u!23 &272889278988744812
MeshRenderer:
  m_ObjectHideFlags: 0
  m_CorrespondingSourceObject: {fileID: 0}
  m_PrefabInstance: {fileID: 0}
  m_PrefabAsset: {fileID: 0}
  m_GameObject: {fileID: 2065306531244140429}
  m_Enabled: 1
  m_CastShadows: 1
  m_ReceiveShadows: 1
  m_DynamicOccludee: 1
  m_MotionVectors: 1
  m_LightProbeUsage: 1
  m_ReflectionProbeUsage: 1
  m_RenderingLayerMask: 1
  m_RendererPriority: 0
  m_Materials:
  - {fileID: 2100000, guid: 31321ba15b8f8eb4c954353edc038b1d, type: 2}
  m_StaticBatchInfo:
    firstSubMesh: 0
    subMeshCount: 0
  m_StaticBatchRoot: {fileID: 0}
  m_ProbeAnchor: {fileID: 0}
  m_LightProbeVolumeOverride: {fileID: 0}
  m_ScaleInLightmap: 1
  m_ReceiveGI: 1
  m_PreserveUVs: 0
  m_IgnoreNormalsForChartDetection: 0
  m_ImportantGI: 0
  m_StitchLightmapSeams: 1
  m_SelectedEditorRenderState: 3
  m_MinimumChartSize: 4
  m_AutoUVMaxDistance: 0.5
  m_AutoUVMaxAngle: 89
  m_LightmapParameters: {fileID: 0}
  m_SortingLayerID: 0
  m_SortingLayer: 0
  m_SortingOrder: 0
--- !u!65 &8096739348328311579
BoxCollider:
  m_ObjectHideFlags: 0
  m_CorrespondingSourceObject: {fileID: 0}
  m_PrefabInstance: {fileID: 0}
  m_PrefabAsset: {fileID: 0}
  m_GameObject: {fileID: 2065306531244140429}
  m_Material: {fileID: 0}
  m_IsTrigger: 0
  m_Enabled: 1
  serializedVersion: 2
  m_Size: {x: 1, y: 1, z: 1}
  m_Center: {x: 0, y: 0, z: 0}
--- !u!1 &2994453833384712471
GameObject:
  m_ObjectHideFlags: 0
  m_CorrespondingSourceObject: {fileID: 0}
  m_PrefabInstance: {fileID: 0}
  m_PrefabAsset: {fileID: 0}
  serializedVersion: 6
  m_Component:
  - component: {fileID: 4246310036645107428}
  m_Layer: 0
  m_Name: RailChallenge001
  m_TagString: Untagged
  m_Icon: {fileID: 0}
  m_NavMeshLayer: 0
  m_StaticEditorFlags: 0
  m_IsActive: 1
--- !u!4 &4246310036645107428
Transform:
  m_ObjectHideFlags: 0
  m_CorrespondingSourceObject: {fileID: 0}
  m_PrefabInstance: {fileID: 0}
  m_PrefabAsset: {fileID: 0}
  m_GameObject: {fileID: 2994453833384712471}
  m_LocalRotation: {x: 0, y: 0, z: 0, w: 1}
  m_LocalPosition: {x: -5041.75, y: -827.5, z: 840.90625}
  m_LocalScale: {x: 1, y: 1, z: 1}
  m_Children:
  - {fileID: 5994355471513556320}
  - {fileID: 375809788935021344}
  - {fileID: 4763529911588987948}
  - {fileID: 3848030807745807387}
  - {fileID: 7230273083253706441}
  - {fileID: 159526619727298967}
  - {fileID: 4619607971629918320}
  m_Father: {fileID: 0}
  m_RootOrder: 0
  m_LocalEulerAnglesHint: {x: 0, y: 0, z: 0}
--- !u!1 &4677050959681400950
GameObject:
  m_ObjectHideFlags: 0
  m_CorrespondingSourceObject: {fileID: 0}
  m_PrefabInstance: {fileID: 0}
  m_PrefabAsset: {fileID: 0}
  serializedVersion: 6
  m_Component:
  - component: {fileID: 4619607971629918320}
  - component: {fileID: 8588917552375291794}
  - component: {fileID: 2551439589370672956}
  - component: {fileID: 3368625520834090906}
  m_Layer: 0
  m_Name: Cube (4)
  m_TagString: Untagged
  m_Icon: {fileID: 0}
  m_NavMeshLayer: 0
  m_StaticEditorFlags: 0
  m_IsActive: 1
--- !u!4 &4619607971629918320
Transform:
  m_ObjectHideFlags: 0
  m_CorrespondingSourceObject: {fileID: 0}
  m_PrefabInstance: {fileID: 0}
  m_PrefabAsset: {fileID: 0}
  m_GameObject: {fileID: 4677050959681400950}
  m_LocalRotation: {x: 0, y: 0, z: 0, w: 1}
  m_LocalPosition: {x: -433.25, y: 94.5, z: 2.09375}
  m_LocalScale: {x: 10, y: 10, z: 10}
  m_Children: []
  m_Father: {fileID: 4246310036645107428}
  m_RootOrder: 6
  m_LocalEulerAnglesHint: {x: 0, y: 0, z: 0}
--- !u!33 &8588917552375291794
MeshFilter:
  m_ObjectHideFlags: 0
  m_CorrespondingSourceObject: {fileID: 0}
  m_PrefabInstance: {fileID: 0}
  m_PrefabAsset: {fileID: 0}
  m_GameObject: {fileID: 4677050959681400950}
  m_Mesh: {fileID: 10202, guid: 0000000000000000e000000000000000, type: 0}
--- !u!23 &2551439589370672956
MeshRenderer:
  m_ObjectHideFlags: 0
  m_CorrespondingSourceObject: {fileID: 0}
  m_PrefabInstance: {fileID: 0}
  m_PrefabAsset: {fileID: 0}
  m_GameObject: {fileID: 4677050959681400950}
  m_Enabled: 1
  m_CastShadows: 1
  m_ReceiveShadows: 1
  m_DynamicOccludee: 1
  m_MotionVectors: 1
  m_LightProbeUsage: 1
  m_ReflectionProbeUsage: 1
  m_RenderingLayerMask: 1
  m_RendererPriority: 0
  m_Materials:
  - {fileID: 2100000, guid: 31321ba15b8f8eb4c954353edc038b1d, type: 2}
  m_StaticBatchInfo:
    firstSubMesh: 0
    subMeshCount: 0
  m_StaticBatchRoot: {fileID: 0}
  m_ProbeAnchor: {fileID: 0}
  m_LightProbeVolumeOverride: {fileID: 0}
  m_ScaleInLightmap: 1
  m_ReceiveGI: 1
  m_PreserveUVs: 0
  m_IgnoreNormalsForChartDetection: 0
  m_ImportantGI: 0
  m_StitchLightmapSeams: 1
  m_SelectedEditorRenderState: 3
  m_MinimumChartSize: 4
  m_AutoUVMaxDistance: 0.5
  m_AutoUVMaxAngle: 89
  m_LightmapParameters: {fileID: 0}
  m_SortingLayerID: 0
  m_SortingLayer: 0
  m_SortingOrder: 0
--- !u!65 &3368625520834090906
BoxCollider:
  m_ObjectHideFlags: 0
  m_CorrespondingSourceObject: {fileID: 0}
  m_PrefabInstance: {fileID: 0}
  m_PrefabAsset: {fileID: 0}
  m_GameObject: {fileID: 4677050959681400950}
  m_Material: {fileID: 0}
  m_IsTrigger: 0
  m_Enabled: 1
  serializedVersion: 2
  m_Size: {x: 1, y: 1, z: 1}
  m_Center: {x: 0, y: 0, z: 0}
--- !u!1 &6666936936141224969
GameObject:
  m_ObjectHideFlags: 0
  m_CorrespondingSourceObject: {fileID: 0}
  m_PrefabInstance: {fileID: 0}
  m_PrefabAsset: {fileID: 0}
  serializedVersion: 6
  m_Component:
  - component: {fileID: 5994355471513556320}
  - component: {fileID: 5311466391889244929}
  - component: {fileID: 1607052237341865410}
  - component: {fileID: 3997262216289169115}
  m_Layer: 9
  m_Name: Cube
  m_TagString: Untagged
  m_Icon: {fileID: 0}
  m_NavMeshLayer: 0
  m_StaticEditorFlags: 0
  m_IsActive: 1
--- !u!4 &5994355471513556320
Transform:
  m_ObjectHideFlags: 0
  m_CorrespondingSourceObject: {fileID: 0}
  m_PrefabInstance: {fileID: 0}
  m_PrefabAsset: {fileID: 0}
  m_GameObject: {fileID: 6666936936141224969}
  m_LocalRotation: {x: 0, y: 0, z: 0, w: 1}
  m_LocalPosition: {x: 0, y: 0, z: 0}
  m_LocalScale: {x: 100, y: 100, z: 100}
  m_Children: []
  m_Father: {fileID: 4246310036645107428}
  m_RootOrder: 0
  m_LocalEulerAnglesHint: {x: 0, y: 0, z: 0}
--- !u!33 &5311466391889244929
MeshFilter:
  m_ObjectHideFlags: 0
  m_CorrespondingSourceObject: {fileID: 0}
  m_PrefabInstance: {fileID: 0}
  m_PrefabAsset: {fileID: 0}
  m_GameObject: {fileID: 6666936936141224969}
  m_Mesh: {fileID: 10202, guid: 0000000000000000e000000000000000, type: 0}
--- !u!23 &1607052237341865410
MeshRenderer:
  m_ObjectHideFlags: 0
  m_CorrespondingSourceObject: {fileID: 0}
  m_PrefabInstance: {fileID: 0}
  m_PrefabAsset: {fileID: 0}
  m_GameObject: {fileID: 6666936936141224969}
  m_Enabled: 1
  m_CastShadows: 1
  m_ReceiveShadows: 1
  m_DynamicOccludee: 1
  m_MotionVectors: 1
  m_LightProbeUsage: 1
  m_ReflectionProbeUsage: 1
  m_RenderingLayerMask: 1
  m_RendererPriority: 0
  m_Materials:
  - {fileID: 2100000, guid: 31321ba15b8f8eb4c954353edc038b1d, type: 2}
  m_StaticBatchInfo:
    firstSubMesh: 0
    subMeshCount: 0
  m_StaticBatchRoot: {fileID: 0}
  m_ProbeAnchor: {fileID: 0}
  m_LightProbeVolumeOverride: {fileID: 0}
  m_ScaleInLightmap: 1
  m_ReceiveGI: 1
  m_PreserveUVs: 0
  m_IgnoreNormalsForChartDetection: 0
  m_ImportantGI: 0
  m_StitchLightmapSeams: 1
  m_SelectedEditorRenderState: 3
  m_MinimumChartSize: 4
  m_AutoUVMaxDistance: 0.5
  m_AutoUVMaxAngle: 89
  m_LightmapParameters: {fileID: 0}
  m_SortingLayerID: 0
  m_SortingLayer: 0
  m_SortingOrder: 0
--- !u!65 &3997262216289169115
BoxCollider:
  m_ObjectHideFlags: 0
  m_CorrespondingSourceObject: {fileID: 0}
  m_PrefabInstance: {fileID: 0}
  m_PrefabAsset: {fileID: 0}
  m_GameObject: {fileID: 6666936936141224969}
  m_Material: {fileID: 0}
  m_IsTrigger: 0
  m_Enabled: 1
  serializedVersion: 2
  m_Size: {x: 1, y: 1, z: 1}
  m_Center: {x: 0, y: 0, z: 0}
--- !u!1 &6794929005046145450
GameObject:
  m_ObjectHideFlags: 0
  m_CorrespondingSourceObject: {fileID: 0}
  m_PrefabInstance: {fileID: 0}
  m_PrefabAsset: {fileID: 0}
  serializedVersion: 6
  m_Component:
  - component: {fileID: 3848030807745807387}
  - component: {fileID: 8754127408318467467}
  - component: {fileID: 1813911318397981593}
  - component: {fileID: 6128595982897976236}
  m_Layer: 0
  m_Name: Cube (2)
  m_TagString: Untagged
  m_Icon: {fileID: 0}
  m_NavMeshLayer: 0
  m_StaticEditorFlags: 0
  m_IsActive: 1
--- !u!4 &3848030807745807387
Transform:
  m_ObjectHideFlags: 0
  m_CorrespondingSourceObject: {fileID: 0}
  m_PrefabInstance: {fileID: 0}
  m_PrefabAsset: {fileID: 0}
  m_GameObject: {fileID: 6794929005046145450}
  m_LocalRotation: {x: 0, y: 0, z: 0, w: 1}
  m_LocalPosition: {x: -54.25, y: 44.5, z: 0}
  m_LocalScale: {x: 10, y: 10, z: 10}
  m_Children: []
  m_Father: {fileID: 4246310036645107428}
  m_RootOrder: 3
  m_LocalEulerAnglesHint: {x: 0, y: 0, z: 0}
--- !u!33 &8754127408318467467
MeshFilter:
  m_ObjectHideFlags: 0
  m_CorrespondingSourceObject: {fileID: 0}
  m_PrefabInstance: {fileID: 0}
  m_PrefabAsset: {fileID: 0}
  m_GameObject: {fileID: 6794929005046145450}
  m_Mesh: {fileID: 10202, guid: 0000000000000000e000000000000000, type: 0}
--- !u!23 &1813911318397981593
MeshRenderer:
  m_ObjectHideFlags: 0
  m_CorrespondingSourceObject: {fileID: 0}
  m_PrefabInstance: {fileID: 0}
  m_PrefabAsset: {fileID: 0}
  m_GameObject: {fileID: 6794929005046145450}
  m_Enabled: 1
  m_CastShadows: 1
  m_ReceiveShadows: 1
  m_DynamicOccludee: 1
  m_MotionVectors: 1
  m_LightProbeUsage: 1
  m_ReflectionProbeUsage: 1
  m_RenderingLayerMask: 1
  m_RendererPriority: 0
  m_Materials:
  - {fileID: 2100000, guid: 31321ba15b8f8eb4c954353edc038b1d, type: 2}
  m_StaticBatchInfo:
    firstSubMesh: 0
    subMeshCount: 0
  m_StaticBatchRoot: {fileID: 0}
  m_ProbeAnchor: {fileID: 0}
  m_LightProbeVolumeOverride: {fileID: 0}
  m_ScaleInLightmap: 1
  m_ReceiveGI: 1
  m_PreserveUVs: 0
  m_IgnoreNormalsForChartDetection: 0
  m_ImportantGI: 0
  m_StitchLightmapSeams: 1
  m_SelectedEditorRenderState: 3
  m_MinimumChartSize: 4
  m_AutoUVMaxDistance: 0.5
  m_AutoUVMaxAngle: 89
  m_LightmapParameters: {fileID: 0}
  m_SortingLayerID: 0
  m_SortingLayer: 0
  m_SortingOrder: 0
--- !u!65 &6128595982897976236
BoxCollider:
  m_ObjectHideFlags: 0
  m_CorrespondingSourceObject: {fileID: 0}
  m_PrefabInstance: {fileID: 0}
  m_PrefabAsset: {fileID: 0}
  m_GameObject: {fileID: 6794929005046145450}
  m_Material: {fileID: 0}
  m_IsTrigger: 0
  m_Enabled: 1
  serializedVersion: 2
  m_Size: {x: 1, y: 1, z: 1}
  m_Center: {x: 0, y: 0, z: 0}
--- !u!1 &7426104204673900076
GameObject:
  m_ObjectHideFlags: 0
  m_CorrespondingSourceObject: {fileID: 0}
  m_PrefabInstance: {fileID: 0}
  m_PrefabAsset: {fileID: 0}
  serializedVersion: 6
  m_Component:
  - component: {fileID: 4763529911588987948}
  - component: {fileID: 8086652788936655304}
  - component: {fileID: 4852247607236263423}
  - component: {fileID: 3743983003482892419}
  m_Layer: 9
  m_Name: Cube (1)
  m_TagString: Untagged
  m_Icon: {fileID: 0}
  m_NavMeshLayer: 0
  m_StaticEditorFlags: 0
  m_IsActive: 1
--- !u!4 &4763529911588987948
Transform:
  m_ObjectHideFlags: 0
  m_CorrespondingSourceObject: {fileID: 0}
  m_PrefabInstance: {fileID: 0}
  m_PrefabAsset: {fileID: 0}
  m_GameObject: {fileID: 7426104204673900076}
  m_LocalRotation: {x: 0, y: 0, z: 0, w: 1}
  m_LocalPosition: {x: -938.25, y: 87.5, z: -280.90625}
  m_LocalScale: {x: 100, y: 100, z: 100}
  m_Children: []
  m_Father: {fileID: 4246310036645107428}
  m_RootOrder: 2
  m_LocalEulerAnglesHint: {x: 0, y: 0, z: 0}
--- !u!33 &8086652788936655304
MeshFilter:
  m_ObjectHideFlags: 0
  m_CorrespondingSourceObject: {fileID: 0}
  m_PrefabInstance: {fileID: 0}
  m_PrefabAsset: {fileID: 0}
  m_GameObject: {fileID: 7426104204673900076}
  m_Mesh: {fileID: 10202, guid: 0000000000000000e000000000000000, type: 0}
--- !u!23 &4852247607236263423
MeshRenderer:
  m_ObjectHideFlags: 0
  m_CorrespondingSourceObject: {fileID: 0}
  m_PrefabInstance: {fileID: 0}
  m_PrefabAsset: {fileID: 0}
  m_GameObject: {fileID: 7426104204673900076}
  m_Enabled: 1
  m_CastShadows: 1
  m_ReceiveShadows: 1
  m_DynamicOccludee: 1
  m_MotionVectors: 1
  m_LightProbeUsage: 1
  m_ReflectionProbeUsage: 1
  m_RenderingLayerMask: 1
  m_RendererPriority: 0
  m_Materials:
  - {fileID: 2100000, guid: 31321ba15b8f8eb4c954353edc038b1d, type: 2}
  m_StaticBatchInfo:
    firstSubMesh: 0
    subMeshCount: 0
  m_StaticBatchRoot: {fileID: 0}
  m_ProbeAnchor: {fileID: 0}
  m_LightProbeVolumeOverride: {fileID: 0}
  m_ScaleInLightmap: 1
  m_ReceiveGI: 1
  m_PreserveUVs: 0
  m_IgnoreNormalsForChartDetection: 0
  m_ImportantGI: 0
  m_StitchLightmapSeams: 1
  m_SelectedEditorRenderState: 3
  m_MinimumChartSize: 4
  m_AutoUVMaxDistance: 0.5
  m_AutoUVMaxAngle: 89
  m_LightmapParameters: {fileID: 0}
  m_SortingLayerID: 0
  m_SortingLayer: 0
  m_SortingOrder: 0
--- !u!65 &3743983003482892419
BoxCollider:
  m_ObjectHideFlags: 0
  m_CorrespondingSourceObject: {fileID: 0}
  m_PrefabInstance: {fileID: 0}
  m_PrefabAsset: {fileID: 0}
  m_GameObject: {fileID: 7426104204673900076}
  m_Material: {fileID: 0}
  m_IsTrigger: 0
  m_Enabled: 1
  serializedVersion: 2
  m_Size: {x: 1, y: 1, z: 1}
  m_Center: {x: 0, y: 0, z: 0}
--- !u!1001 &4767416247036427969
PrefabInstance:
  m_ObjectHideFlags: 0
  serializedVersion: 2
  m_Modification:
    m_TransformParent: {fileID: 4246310036645107428}
    m_Modifications:
    - target: {fileID: 2303526405159012472, guid: 5b2d34308ab50234c8b8cf6b0ff4f23d,
        type: 3}
      propertyPath: m_LocalPosition.x
      value: 6
      objectReference: {fileID: 0}
    - target: {fileID: 2303526405159012472, guid: 5b2d34308ab50234c8b8cf6b0ff4f23d,
        type: 3}
      propertyPath: m_LocalPosition.z
      value: -3
      objectReference: {fileID: 0}
    - target: {fileID: 2303526405159012472, guid: 5b2d34308ab50234c8b8cf6b0ff4f23d,
        type: 3}
      propertyPath: m_LocalPosition.y
      value: -31
      objectReference: {fileID: 0}
    - target: {fileID: 4281608217286090852, guid: 5b2d34308ab50234c8b8cf6b0ff4f23d,
        type: 3}
      propertyPath: m_LocalPosition.y
      value: -31
      objectReference: {fileID: 0}
    - target: {fileID: 4281608217286090852, guid: 5b2d34308ab50234c8b8cf6b0ff4f23d,
        type: 3}
      propertyPath: m_LocalPosition.x
      value: 6
      objectReference: {fileID: 0}
    - target: {fileID: 4281608217286090852, guid: 5b2d34308ab50234c8b8cf6b0ff4f23d,
        type: 3}
      propertyPath: m_LocalPosition.z
      value: -3
      objectReference: {fileID: 0}
    - target: {fileID: 4727782626167657437, guid: 5b2d34308ab50234c8b8cf6b0ff4f23d,
        type: 3}
      propertyPath: m_Waypoints.Array.size
      value: 4
      objectReference: {fileID: 0}
    - target: {fileID: 4727782626167657437, guid: 5b2d34308ab50234c8b8cf6b0ff4f23d,
        type: 3}
      propertyPath: m_Waypoints.Array.data[0].position.x
      value: -60.084473
      objectReference: {fileID: 0}
    - target: {fileID: 4727782626167657437, guid: 5b2d34308ab50234c8b8cf6b0ff4f23d,
        type: 3}
      propertyPath: m_Waypoints.Array.data[0].position.y
      value: 13.646118
      objectReference: {fileID: 0}
    - target: {fileID: 4727782626167657437, guid: 5b2d34308ab50234c8b8cf6b0ff4f23d,
        type: 3}
      propertyPath: m_Waypoints.Array.data[0].position.z
      value: -17.842163
      objectReference: {fileID: 0}
    - target: {fileID: 4727782626167657437, guid: 5b2d34308ab50234c8b8cf6b0ff4f23d,
        type: 3}
      propertyPath: m_Waypoints.Array.data[1].position.x
      value: -271.7173
      objectReference: {fileID: 0}
    - target: {fileID: 4727782626167657437, guid: 5b2d34308ab50234c8b8cf6b0ff4f23d,
        type: 3}
      propertyPath: m_Waypoints.Array.data[1].position.y
      value: -45.490234
      objectReference: {fileID: 0}
    - target: {fileID: 4727782626167657437, guid: 5b2d34308ab50234c8b8cf6b0ff4f23d,
        type: 3}
      propertyPath: m_Waypoints.Array.data[1].position.z
      value: -14.09906
      objectReference: {fileID: 0}
    - target: {fileID: 4727782626167657437, guid: 5b2d34308ab50234c8b8cf6b0ff4f23d,
        type: 3}
      propertyPath: m_Waypoints.Array.data[2].position.x
      value: -370.90674
      objectReference: {fileID: 0}
    - target: {fileID: 4727782626167657437, guid: 5b2d34308ab50234c8b8cf6b0ff4f23d,
        type: 3}
      propertyPath: m_Waypoints.Array.data[2].position.z
      value: -14.604553
      objectReference: {fileID: 0}
    - target: {fileID: 4727782626167657437, guid: 5b2d34308ab50234c8b8cf6b0ff4f23d,
        type: 3}
      propertyPath: m_Waypoints.Array.data[2].position.y
      value: 34.753662
      objectReference: {fileID: 0}
    - target: {fileID: 4727782626167657437, guid: 5b2d34308ab50234c8b8cf6b0ff4f23d,
        type: 3}
      propertyPath: m_Waypoints.Array.data[3].position.x
      value: -434.1289
      objectReference: {fileID: 0}
    - target: {fileID: 4727782626167657437, guid: 5b2d34308ab50234c8b8cf6b0ff4f23d,
        type: 3}
      propertyPath: m_Waypoints.Array.data[3].position.y
      value: 58.473328
      objectReference: {fileID: 0}
    - target: {fileID: 4727782626167657437, guid: 5b2d34308ab50234c8b8cf6b0ff4f23d,
        type: 3}
      propertyPath: m_Waypoints.Array.data[3].position.z
      value: -15.110046
      objectReference: {fileID: 0}
    - target: {fileID: 5124646479492685281, guid: 5b2d34308ab50234c8b8cf6b0ff4f23d,
        type: 3}
      propertyPath: m_LocalPosition.x
      value: -58.25
      objectReference: {fileID: 0}
    - target: {fileID: 5124646479492685281, guid: 5b2d34308ab50234c8b8cf6b0ff4f23d,
        type: 3}
      propertyPath: m_LocalPosition.y
      value: 87.5
      objectReference: {fileID: 0}
    - target: {fileID: 5124646479492685281, guid: 5b2d34308ab50234c8b8cf6b0ff4f23d,
        type: 3}
      propertyPath: m_LocalPosition.z
      value: 3.09375
      objectReference: {fileID: 0}
    - target: {fileID: 5124646479492685281, guid: 5b2d34308ab50234c8b8cf6b0ff4f23d,
        type: 3}
      propertyPath: m_LocalRotation.x
      value: 0
      objectReference: {fileID: 0}
    - target: {fileID: 5124646479492685281, guid: 5b2d34308ab50234c8b8cf6b0ff4f23d,
        type: 3}
      propertyPath: m_LocalRotation.y
      value: 0
      objectReference: {fileID: 0}
    - target: {fileID: 5124646479492685281, guid: 5b2d34308ab50234c8b8cf6b0ff4f23d,
        type: 3}
      propertyPath: m_LocalRotation.z
      value: 0
      objectReference: {fileID: 0}
    - target: {fileID: 5124646479492685281, guid: 5b2d34308ab50234c8b8cf6b0ff4f23d,
        type: 3}
      propertyPath: m_LocalRotation.w
      value: 1
      objectReference: {fileID: 0}
    - target: {fileID: 5124646479492685281, guid: 5b2d34308ab50234c8b8cf6b0ff4f23d,
        type: 3}
      propertyPath: m_RootOrder
      value: 1
      objectReference: {fileID: 0}
    - target: {fileID: 5124646479492685281, guid: 5b2d34308ab50234c8b8cf6b0ff4f23d,
        type: 3}
      propertyPath: m_LocalEulerAnglesHint.x
      value: 0
      objectReference: {fileID: 0}
    - target: {fileID: 5124646479492685281, guid: 5b2d34308ab50234c8b8cf6b0ff4f23d,
        type: 3}
      propertyPath: m_LocalEulerAnglesHint.y
      value: 0
      objectReference: {fileID: 0}
    - target: {fileID: 5124646479492685281, guid: 5b2d34308ab50234c8b8cf6b0ff4f23d,
        type: 3}
      propertyPath: m_LocalEulerAnglesHint.z
      value: 0
      objectReference: {fileID: 0}
    - target: {fileID: 7107030383959397744, guid: 5b2d34308ab50234c8b8cf6b0ff4f23d,
        type: 3}
      propertyPath: m_Name
      value: Rail_1
      objectReference: {fileID: 0}
    m_RemovedComponents: []
  m_SourcePrefab: {fileID: 100100000, guid: 5b2d34308ab50234c8b8cf6b0ff4f23d, type: 3}
--- !u!4 &375809788935021344 stripped
Transform:
  m_CorrespondingSourceObject: {fileID: 5124646479492685281, guid: 5b2d34308ab50234c8b8cf6b0ff4f23d,
    type: 3}
  m_PrefabInstance: {fileID: 4767416247036427969}
  m_PrefabAsset: {fileID: 0}
--- !u!1001 &4983415849618414710
PrefabInstance:
  m_ObjectHideFlags: 0
  serializedVersion: 2
  m_Modification:
    m_TransformParent: {fileID: 4246310036645107428}
    m_Modifications:
    - target: {fileID: 2303526405159012472, guid: 5b2d34308ab50234c8b8cf6b0ff4f23d,
        type: 3}
      propertyPath: m_LocalPosition.x
      value: 6
      objectReference: {fileID: 0}
    - target: {fileID: 2303526405159012472, guid: 5b2d34308ab50234c8b8cf6b0ff4f23d,
        type: 3}
      propertyPath: m_LocalPosition.z
      value: -3
      objectReference: {fileID: 0}
    - target: {fileID: 2303526405159012472, guid: 5b2d34308ab50234c8b8cf6b0ff4f23d,
        type: 3}
      propertyPath: m_LocalPosition.y
      value: -31
      objectReference: {fileID: 0}
    - target: {fileID: 4281608217286090852, guid: 5b2d34308ab50234c8b8cf6b0ff4f23d,
        type: 3}
      propertyPath: m_LocalPosition.y
      value: -31
      objectReference: {fileID: 0}
    - target: {fileID: 4281608217286090852, guid: 5b2d34308ab50234c8b8cf6b0ff4f23d,
        type: 3}
      propertyPath: m_LocalPosition.x
      value: 6
      objectReference: {fileID: 0}
    - target: {fileID: 4281608217286090852, guid: 5b2d34308ab50234c8b8cf6b0ff4f23d,
        type: 3}
      propertyPath: m_LocalPosition.z
      value: -3
      objectReference: {fileID: 0}
    - target: {fileID: 4727782626167657437, guid: 5b2d34308ab50234c8b8cf6b0ff4f23d,
        type: 3}
      propertyPath: m_Waypoints.Array.size
      value: 4
      objectReference: {fileID: 0}
    - target: {fileID: 4727782626167657437, guid: 5b2d34308ab50234c8b8cf6b0ff4f23d,
        type: 3}
      propertyPath: m_Waypoints.Array.data[0].position.x
      value: -60.084473
      objectReference: {fileID: 0}
    - target: {fileID: 4727782626167657437, guid: 5b2d34308ab50234c8b8cf6b0ff4f23d,
        type: 3}
      propertyPath: m_Waypoints.Array.data[0].position.y
      value: 13.646118
      objectReference: {fileID: 0}
    - target: {fileID: 4727782626167657437, guid: 5b2d34308ab50234c8b8cf6b0ff4f23d,
        type: 3}
      propertyPath: m_Waypoints.Array.data[0].position.z
      value: -17.842163
      objectReference: {fileID: 0}
    - target: {fileID: 4727782626167657437, guid: 5b2d34308ab50234c8b8cf6b0ff4f23d,
        type: 3}
      propertyPath: m_Waypoints.Array.data[1].position.x
      value: -271.7173
      objectReference: {fileID: 0}
    - target: {fileID: 4727782626167657437, guid: 5b2d34308ab50234c8b8cf6b0ff4f23d,
        type: 3}
      propertyPath: m_Waypoints.Array.data[1].position.y
      value: -45.490234
      objectReference: {fileID: 0}
    - target: {fileID: 4727782626167657437, guid: 5b2d34308ab50234c8b8cf6b0ff4f23d,
        type: 3}
      propertyPath: m_Waypoints.Array.data[1].position.z
      value: 79.25134
      objectReference: {fileID: 0}
    - target: {fileID: 4727782626167657437, guid: 5b2d34308ab50234c8b8cf6b0ff4f23d,
        type: 3}
      propertyPath: m_Waypoints.Array.data[2].position.x
      value: -435.35205
      objectReference: {fileID: 0}
    - target: {fileID: 4727782626167657437, guid: 5b2d34308ab50234c8b8cf6b0ff4f23d,
        type: 3}
      propertyPath: m_Waypoints.Array.data[2].position.z
      value: 59.087708
      objectReference: {fileID: 0}
    - target: {fileID: 4727782626167657437, guid: 5b2d34308ab50234c8b8cf6b0ff4f23d,
        type: 3}
      propertyPath: m_Waypoints.Array.data[2].position.y
      value: 34.753662
      objectReference: {fileID: 0}
    - target: {fileID: 4727782626167657437, guid: 5b2d34308ab50234c8b8cf6b0ff4f23d,
        type: 3}
      propertyPath: m_Waypoints.Array.data[3].position.x
      value: -525.35693
      objectReference: {fileID: 0}
    - target: {fileID: 4727782626167657437, guid: 5b2d34308ab50234c8b8cf6b0ff4f23d,
        type: 3}
      propertyPath: m_Waypoints.Array.data[3].position.y
      value: 58.473328
      objectReference: {fileID: 0}
    - target: {fileID: 4727782626167657437, guid: 5b2d34308ab50234c8b8cf6b0ff4f23d,
        type: 3}
      propertyPath: m_Waypoints.Array.data[3].position.z
      value: -32.535767
      objectReference: {fileID: 0}
    - target: {fileID: 5124646479492685281, guid: 5b2d34308ab50234c8b8cf6b0ff4f23d,
        type: 3}
      propertyPath: m_LocalPosition.x
      value: -542.9458
      objectReference: {fileID: 0}
    - target: {fileID: 5124646479492685281, guid: 5b2d34308ab50234c8b8cf6b0ff4f23d,
        type: 3}
      propertyPath: m_LocalPosition.y
      value: 133.5
      objectReference: {fileID: 0}
    - target: {fileID: 5124646479492685281, guid: 5b2d34308ab50234c8b8cf6b0ff4f23d,
        type: 3}
      propertyPath: m_LocalPosition.z
      value: 2.09375
      objectReference: {fileID: 0}
    - target: {fileID: 5124646479492685281, guid: 5b2d34308ab50234c8b8cf6b0ff4f23d,
        type: 3}
      propertyPath: m_LocalRotation.x
      value: -0
      objectReference: {fileID: 0}
    - target: {fileID: 5124646479492685281, guid: 5b2d34308ab50234c8b8cf6b0ff4f23d,
        type: 3}
      propertyPath: m_LocalRotation.y
      value: -0.2588186
      objectReference: {fileID: 0}
    - target: {fileID: 5124646479492685281, guid: 5b2d34308ab50234c8b8cf6b0ff4f23d,
        type: 3}
      propertyPath: m_LocalRotation.z
      value: -0
      objectReference: {fileID: 0}
    - target: {fileID: 5124646479492685281, guid: 5b2d34308ab50234c8b8cf6b0ff4f23d,
        type: 3}
      propertyPath: m_LocalRotation.w
      value: 0.965926
      objectReference: {fileID: 0}
    - target: {fileID: 5124646479492685281, guid: 5b2d34308ab50234c8b8cf6b0ff4f23d,
        type: 3}
      propertyPath: m_RootOrder
      value: 5
      objectReference: {fileID: 0}
    - target: {fileID: 5124646479492685281, guid: 5b2d34308ab50234c8b8cf6b0ff4f23d,
        type: 3}
      propertyPath: m_LocalEulerAnglesHint.x
      value: 0
      objectReference: {fileID: 0}
    - target: {fileID: 5124646479492685281, guid: 5b2d34308ab50234c8b8cf6b0ff4f23d,
        type: 3}
      propertyPath: m_LocalEulerAnglesHint.y
      value: -30.000002
      objectReference: {fileID: 0}
    - target: {fileID: 5124646479492685281, guid: 5b2d34308ab50234c8b8cf6b0ff4f23d,
        type: 3}
      propertyPath: m_LocalEulerAnglesHint.z
      value: 0
      objectReference: {fileID: 0}
    - target: {fileID: 7107030383959397744, guid: 5b2d34308ab50234c8b8cf6b0ff4f23d,
        type: 3}
      propertyPath: m_Name
      value: Rail_1 (1)
      objectReference: {fileID: 0}
    m_RemovedComponents: []
  m_SourcePrefab: {fileID: 100100000, guid: 5b2d34308ab50234c8b8cf6b0ff4f23d, type: 3}
--- !u!4 &159526619727298967 stripped
Transform:
  m_CorrespondingSourceObject: {fileID: 5124646479492685281, guid: 5b2d34308ab50234c8b8cf6b0ff4f23d,
    type: 3}
  m_PrefabInstance: {fileID: 4983415849618414710}
  m_PrefabAsset: {fileID: 0}
