%YAML 1.1
%TAG !u! tag:unity3d.com,2011:
--- !u!1 &4984476536013962180
GameObject:
  m_ObjectHideFlags: 0
  m_CorrespondingSourceObject: {fileID: 0}
  m_PrefabInstance: {fileID: 0}
  m_PrefabAsset: {fileID: 0}
  serializedVersion: 6
  m_Component:
  - component: {fileID: 4984476536013962185}
  - component: {fileID: 4984476536013962186}
  - component: {fileID: 4984476536013962187}
  - component: {fileID: 4984476536013962184}
  - component: {fileID: 4984476536013962191}
  m_Layer: 0
  m_Name: Wwise
  m_TagString: Untagged
  m_Icon: {fileID: 0}
  m_NavMeshLayer: 0
  m_StaticEditorFlags: 0
  m_IsActive: 1
--- !u!4 &4984476536013962185
Transform:
  m_ObjectHideFlags: 0
  m_CorrespondingSourceObject: {fileID: 0}
  m_PrefabInstance: {fileID: 0}
  m_PrefabAsset: {fileID: 0}
  m_GameObject: {fileID: 4984476536013962180}
  m_LocalRotation: {x: 0, y: 0, z: 0, w: 1}
  m_LocalPosition: {x: 0, y: 0, z: 0}
  m_LocalScale: {x: 1, y: 1, z: 1}
  m_Children: []
  m_Father: {fileID: 0}
  m_RootOrder: 0
  m_LocalEulerAnglesHint: {x: 0, y: 0, z: 0}
--- !u!114 &4984476536013962186
MonoBehaviour:
  m_ObjectHideFlags: 0
  m_CorrespondingSourceObject: {fileID: 0}
  m_PrefabInstance: {fileID: 0}
  m_PrefabAsset: {fileID: 0}
  m_GameObject: {fileID: 4984476536013962180}
  m_Enabled: 1
  m_EditorHideFlags: 0
  m_Script: {fileID: 11500000, guid: 67bde1771ee7bdc40865c474741a5b9b, type: 3}
  m_Name: 
  m_EditorClassIdentifier: 
  InitializationSettings: {fileID: 11400000, guid: 774652b313eee1940a5700e5a67e884b,
    type: 2}
  basePath: 
  language: 
  defaultPoolSize: 1073741824
  lowerPoolSize: 0
  streamingPoolSize: 0
  memoryCutoffThreshold: 0
  monitorPoolSize: 0
  monitorQueuePoolSize: 0
  callbackManagerBufferSize: 0
  spatialAudioPoolSize: 0
  maxSoundPropagationDepth: 0
  diffractionFlags: 11
  engineLogging: 0
--- !u!114 &4984476536013962187
MonoBehaviour:
  m_ObjectHideFlags: 0
  m_CorrespondingSourceObject: {fileID: 0}
  m_PrefabInstance: {fileID: 0}
  m_PrefabAsset: {fileID: 0}
  m_GameObject: {fileID: 4984476536013962180}
  m_Enabled: 1
  m_EditorHideFlags: 0
  m_Script: {fileID: 11500000, guid: b376906908ad0724a90d132acd9f4199, type: 3}
  m_Name: 
  m_EditorClassIdentifier: 
  triggerList: ae8d9d44
  useOtherObject: 0
  data:
    idInternal: 0
    valueGuidInternal: 
    WwiseObjectReference: {fileID: 11400000, guid: 902ec694f21b55743a36133cb5999def,
      type: 2}
  decodeBank: 0
  loadAsynchronous: 0
  saveDecodedBank: 0
  unloadTriggerList: 
  bankNameInternal: 
  valueGuidInternal: 
--- !u!114 &4984476536013962184
MonoBehaviour:
  m_ObjectHideFlags: 0
  m_CorrespondingSourceObject: {fileID: 0}
  m_PrefabInstance: {fileID: 0}
  m_PrefabAsset: {fileID: 0}
  m_GameObject: {fileID: 4984476536013962180}
  m_Enabled: 1
  m_EditorHideFlags: 0
  m_Script: {fileID: 11500000, guid: 7d65efac3fab8654cb0156d92350a338, type: 3}
  m_Name: 
  m_EditorClassIdentifier: 
  _CurrentLevelStates:
  - idInternal: 0
    valueGuidInternal: 
    groupIdInternal: 0
    groupGuidInternal: 
    WwiseObjectReference: {fileID: 11400000, guid: 3c166e9f918d6d04a9702fe49a919593,
      type: 2}
  - idInternal: 0
    valueGuidInternal: 
    groupIdInternal: 0
    groupGuidInternal: 
    WwiseObjectReference: {fileID: 11400000, guid: 46b943e178bc099448045eaa22c3592c,
      type: 2}
  - idInternal: 0
    valueGuidInternal: 
    groupIdInternal: 0
    groupGuidInternal: 
    WwiseObjectReference: {fileID: 11400000, guid: 14453a154e0ed39449fb7bc936f43e42,
      type: 2}
  _GeneralGameStates:
  - idInternal: 0
    valueGuidInternal: 
    groupIdInternal: 0
    groupGuidInternal: 
    WwiseObjectReference: {fileID: 11400000, guid: 7ef70a57954cdbe4e9645161ffdd3a20,
      type: 2}
  - idInternal: 0
    valueGuidInternal: 
    groupIdInternal: 0
    groupGuidInternal: 
    WwiseObjectReference: {fileID: 11400000, guid: e49a5832b859d164fb05eb13318d64df,
      type: 2}
  _IsPausedStates:
  - idInternal: 0
    valueGuidInternal: 
    groupIdInternal: 0
    groupGuidInternal: 
    WwiseObjectReference: {fileID: 11400000, guid: d31a11b26c174ee4aa900084a3e7781d,
      type: 2}
  - idInternal: 0
    valueGuidInternal: 
    groupIdInternal: 0
    groupGuidInternal: 
    WwiseObjectReference: {fileID: 11400000, guid: 95f11e76716c37846a52b813619e5d99,
      type: 2}
  _MainCharacterHealthStates:
  - idInternal: 0
    valueGuidInternal: 
    groupIdInternal: 0
    groupGuidInternal: 
    WwiseObjectReference: {fileID: 11400000, guid: 0ce00b9156513a74b9dfa283609dfa91,
      type: 2}
  - idInternal: 0
    valueGuidInternal: 
    groupIdInternal: 0
    groupGuidInternal: 
    WwiseObjectReference: {fileID: 11400000, guid: 7c666b8c04e51b043bd38e0501caf991,
      type: 2}
  - idInternal: 0
    valueGuidInternal: 
    groupIdInternal: 0
    groupGuidInternal: 
    WwiseObjectReference: {fileID: 11400000, guid: 91f19b972585cb848936226abaeb0b8e,
      type: 2}
--- !u!114 &4984476536013962191
MonoBehaviour:
  m_ObjectHideFlags: 0
  m_CorrespondingSourceObject: {fileID: 0}
  m_PrefabInstance: {fileID: 0}
  m_PrefabAsset: {fileID: 0}
  m_GameObject: {fileID: 4984476536013962180}
  m_Enabled: 1
  m_EditorHideFlags: 0
  m_Script: {fileID: 11500000, guid: e40ec89dca5393c4b9f8be6619d7d471, type: 3}
  m_Name: 
  m_EditorClassIdentifier: 
